% This file was created with JabRef 2.3.1.
% Encoding: MacRoman

@INPROCEEDINGS{DBLP:conf/sc/ChenZA06,
  author = {L. Chen and Q. Zhu and G. Agrawal},
  title = {Grid scheduling and protocols -- Supporting dynamic migration in
	tightly coupled grid applications},
  booktitle = {Proceedings of the ACM/IEEE Supercomputing Conference on High Performance
	Networking and Computing},
  year = {2006},
  pages = {117},
  bibsource = {DBLP, http://dblp.uni-trier.de},
  crossref = {DBLP:conf/sc/2006},
  ee = {http://doi.acm.org/10.1145/1188455.1188577}
}

@INPROCEEDINGS{DBLP:conf/hpca/RangerRPBK07,
  author = {C. Ranger and R. Raghuraman and A. Penmetsa and G. R. Bradski and
	C. Kozyrakis},
  title = {Evaluating MapReduce for Multi-core and Multiprocessor Systems},
  booktitle = {Proceedings of 13st International Conference on High Performance
	Computer Architecture},
  year = {2007},
  pages = {13-24},
  bibsource = {DBLP, http://dblp.uni-trier.de},
  crossref = {DBLP:conf/hpca/2007},
  ee = {http://doi.ieeecomputersociety.org/10.1109/HPCA.2007.346181}
}

@INPROCEEDINGS{DBLP:conf/ifip8-2/ScottV07,
  author = {S. V. Scott and W. Venters},
  title = {The practice of e-Science and e-Social science},
  booktitle = {Virtuality and Virtualization},
  year = {2007},
  pages = {267-279},
  bibsource = {DBLP, http://dblp.uni-trier.de},
  crossref = {DBLP:conf/ifip8-2/2007},
  ee = {http://dx.doi.org/10.1007/978-0-387-73025-7_19}
}

@INPROCEEDINGS{DBLP:conf/ipps/SilvaO07,
  author = {A. Silva and L. S. Ochi},
  title = {A hybrid Evolutionary Algorithm for the Dynamic Resource Constrained
	Task Scheduling Problem},
  booktitle = {Proceedings of the 21th International Parallel and Distributed Processing
	Symposium (IPDPS 2007},
  year = {2007},
  pages = {1-8},
  bibsource = {DBLP, http://dblp.uni-trier.de},
  crossref = {DBLP:conf/ipps/2007},
  ee = {http://dx.doi.org/10.1109/IPDPS.2007.370432}
}

@INPROCEEDINGS{DBLP:conf/clade/WangCLSJ03,
  author = {L. Wang and W. Cai and B. Lee and S. See and W. Jie},
  title = {Resource Co-allocation for Parallel Tasks in Computational Grids},
  booktitle = {Proceedings of IEEE International Workshop on Challenges of Large
	Applications in Distributed Environments (CLADE)},
  year = {2003},
  pages = {88},
  bibsource = {DBLP, http://dblp.uni-trier.de},
  crossref = {DBLP:conf/clade/2003},
  ee = {http://csdl.computer.org/comp/proceedings/clade/2003/1984/00/19840088abs.htm}
}

@INPROCEEDINGS{DBLP:conf/pdpta/WangCLSJ03,
  author = {L. Wang and W. Cai and B. Lee and S. See and W. Jie},
  title = {Resource Co-Allocation for Meta-Task in Computational Grids},
  booktitle = {Proceedings of the International Conference on Parallel and Distributed
	Processing Techniques and Applications},
  year = {2003},
  pages = {36-42},
  bibsource = {DBLP, http://dblp.uni-trier.de},
  crossref = {DBLP:conf/pdpta/2003-1}
}

@TECHREPORT{report/vpn,
  author = {B. Gleeson etc.},
  title = { A Framework for {IP} Based Virtual Private Networks},
  institution = {The Internet Engineering Task Force},
  year = {2000},
  type = {{RFC}2764},
  month = {Feb.}
}

@TECHREPORT{NAS,
  author = {D. Bailey et. al},
  title = {{The NAS Parallel Benchmarks}},
  institution = {Department of Mathematics and Computer Science, Emory University},
  year = {1994},
  number = {RNR-94-007},
  month = {March}
}

@TECHREPORT{report/GGF/FosterFG04,
  author = {I. Foster (ed) and J. Frey (ed) and S. Graham (ed) and S. Tuecke
	(ed) and K. Czajkowski and D. Ferguson and F. Leymann and M. Nally
	and I. Sedukhin and D. Snelling and T. Storey and W. Vambenepe and
	S. Weerawarana},
  title = {Modeling Stateful Resources with {Web} Services v. 1.1},
  institution = {Global Grid Forum},
  year = {2004},
  month = {Mar.}
}

@ARTICLE{ijpp,
  author = {J. Tao et al.},
  title = {{Performance Advantage of Reconfigurable Cache Design on Multicore
	Processor Systems}},
  journal = {International Journal of Parallel Programming},
  year = {2008},
  volume = {36},
  pages = {347-360},
  number = {3},
  month = {June}
}

@MISC{url/mashup,
  author = {Mashup project[URL]},
  title = {\\http://en.wikipedia.org/wiki/Mashup\_web\_application\_hybrid/},
  month = {access on June },
  year = {2008}
}

@BOOK{OMP,
  title = {{Parallel Programming in OpenMP}},
  publisher = {Morgan Kaufmann},
  year = {2000},
  author = {R. Chandra et al.},
  number = {978-1-55860-671-5},
  series = {ISBN},
  month = {October}
}

@MISC{url/top10,
  author = {Gartner Identifies Top Ten Disruptive Technologies for 2008 to 2012
	[URL]},
  title = {http://www.gartner.com/it/page.jsp?id=681107},
  month = {access on Jan.},
  year = {2009}
}

@MISC{url/escience,
  author = {e-Science definition [URL]},
  title = {\\http://en.wikipedia.org/wiki/E-Science},
  month = {access on Nov.},
  year = {2007}
}

@MISC{url/adobe-buzzword,
  author = {Adobe Buzzword [URL]},
  title = {\\http://www.adobe.com/acom/buzzword/ },
  month = {access on Sep.},
  year = {2008}
}

@MISC{url/amazon,
  author = {Amazon Elastic Compute Cloud [URL]},
  title = {\\http://aws.amazon.com/ec2/},
  month = {access on Nov.},
  year = {2007}
}

@MISC{url/apacgrid,
  author = {APAC Grid project [URL]},
  title = {http://grid.apac.edu.au/},
  month = {access on Nov.},
  year = {2007}
}

@MISC{url/asp,
  author = {Application Service Provider [URL]},
  title = {\\http://msdn.microsoft.com/en-us/architecture/aa699384.aspx/},
  month = {\\access on Sep.},
  year = {2008}
}

@MISC{url/amazon-s3,
  author = {Amazon Simple Storage Service [URL]},
  title = {\\http://aws.amazon.com/s3/},
  month = {access on Sep.},
  year = {2008}
}

@MISC{url/tomcat,
  author = {Apache Tomcat project [URL]},
  title = {http://tomcat.apache.org/},
  month = {access on Nov.},
  year = {2007}
}

@MISC{url/brunet,
  author = {Brunet project [URL]},
  title = {http://boykin.acis.ufl.edu/wiki/index.php/Brunet/},
  month = {access on July },
  year = {2008}
}

@MISC{url/cactus,
  author = {Cactus project [URL]},
  title = {http://www.cactuscode.org/},
  month = {access on Nov.},
  year = {2007}
}

@MISC{url/cms,
  author = {CMS software [URL]},
  title = {http://cms.cern.ch/software/cms/},
  month = {access on Nov.},
  year = {2007}
}

@MISC{url/crown,
  author = {China CROWN project [URL]},
  title = {http://www.crown.org.cn/en/},
  month = {access on Nov.},
  year = {2007}
}

@MISC{url/cim,
  author = {Common Information Model (CIM) [URL]},
  title = {\\http://www.dmtf.org/standards/cim/},
  month = {access on Nov.},
  year = {2007}
}

@MISC{url/DMTF,
  author = {Dsitributed Management Task Force [URL]},
  title = {\\http://www.dmtf.org/},
  month = {access on Nov.},
  year = {2007}
}

@MISC{url/elasticdrive,
  author = {Elasticdrive Project [URL]},
  title = { http://www.elasticdrive.com/},
  month = {access on Sep.},
  year = {2008}
}

@MISC{url/enomalism,
  author = {Enomalism Project [URL]},
  title = { http://www.enomalism.com/ },
  month = {access on Sep.},
  year = {2008}
}

@MISC{url/eucalyptus,
  author = {Eucalyptus Project [URL]},
  title = { http://eucalyptus.cs.ucsb.edu/ },
  month = {access on Sep.},
  year = {2008}
}

@MISC{url/earthgrid,
  author = {Earth System Grid project [URL]},
  title = {\\https://www.earthsystemgrid.org/},
  month = {access on Nov.},
  year = {2007}
}

@MISC{url/grid5000,
  author = {France Grid5000 project [URL]},
  title = {http://www.grid5000.fr/},
  month = {access on Nov.},
  year = {2007}
}

@MISC{url/fraunhofer,
  author = {Fraunhofer Resource Grid project [URL]},
  title = {\\http://www.fhrg.fhg.de/index\_en.html/},
  month = {access on Nov.},
  year = {2007}
}

@MISC{url/gridant,
  author = {GridAnt project [URL]},
  title = {\\http://www.globus.org/cog/projects/gridant/},
  month = {access on Nov. },
  year = {2007}
}

@MISC{url/gridphyn,
  author = {GriPhyN project [URL]},
  title = {http://www.gridphyn.org/},
  month = {access on Nov.},
  year = {2007}
}

@MISC{url/gsfl,
  author = {GSFL project [URL]},
  title = {\\http://www-unix.globus.org/cog/projects/workflow/},
  month = {access on Nov. },
  year = {2007}
}

@MISC{url/workspace,
  author = {Globus virtual workspace interface guide [URL]},
  title = {\\http://workspace.globus.org/vm/TP1.3/interfaces/index.html/},
  month = {\\access on Nov.},
  year = {2007}
}

@MISC{url/google-appengine,
  author = {Google App Engine [URL]},
  title = {\\http://code.google.com/appengine/ },
  month = {access on Sep.},
  year = {2008}
}

@MISC{url/cct,
  author = {Global Cloud computing test bed [URL]},
  title = {\\http://www.hp.com/hpinfo/newsroom/press/2008/080729xa.html/},
  month = {access on July },
  year = {2008}
}

@MISC{url/chrome,
  author = {Google Chrome [URL]},
  title = {http://www.google.com/chrome/},
  month = {access on Sep.},
  year = {2008}
}

@MISC{url/cct2,
  author = { Global Cloud Computing Research Test Bed Wiki [URL]},
  title = {http://cloudtestbed.org/},
  month = {\\access on Oct. },
  year = {2008}
}

@MISC{url/google-docs,
  author = {Google Docs [URL]},
  title = {http://docs.google.com/ },
  month = {access on Sep.},
  year = {2008}
}

@MISC{url/ggf,
  author = {Global Grid Forum [URL]},
  title = {http://www.ggf.org/},
  month = {access on Mar. },
  year = {2008}
}

@MISC{url/gridshell,
  author = {Grid Shell project [URL]},
  title = {http://grid.rit.edu/wiki/doku.php/grid:shell/},
  month = {access on July },
  year = {2008}
}

@MISC{url/glue,
  author = {Glue Schema V1.3 [URL]},
  title = {\\http://glueschema.forge.cnaf.infn.it/Spec/V13/},
  month = {access on Jan.},
  year = {2007}
}

@MISC{url/gtcp,
  author = {Grid TeleControl Protocol [URL]},
  title = {\\http://dev.globus.org/wiki/Grid\_TeleControl\_Protocol},
  month = {access on Nov.},
  year = {2007}
}

@MISC{url/Hadoop,
  author = {Hadoop [URL]},
  title = {http://hadoop.apache.org/},
  month = {access on Sep. },
  year = {2008}
}

@MISC{url/hibernate,
  author = {Hibernate Mapping Framework [URL]},
  title = {\\http://www.hibernate.org/},
  month = {access on Nov.},
  year = {2007}
}

@MISC{url/ibm-cloud,
  author = {IBM cloud computing project [URL]},
  title = {http://www-03.ibm.com/press/us/en/pressrelease/23448.wss/},
  month = {access on Mar. },
  year = {2008}
}

@MISC{url/ipg,
  author = {IPG project [URL]},
  title = {http://www.ipg.nasa.gov/},
  month = {access on Nov.},
  year = {2007}
}

@MISC{url/bluecloud,
  author = {IBM Blue Cloud project [URL]},
  title = {\\http://www-03.ibm.com/press/us/en/pressrelease/22613.wss/},
  month = {\\access on June},
  year = {2008}
}

@MISC{url/jax-ws,
  author = {JaX-WS project [URL]},
  title = {https://jax-ws.dev.java.net/},
  month = {access on Nov.},
  year = {2007}
}

@MISC{url/narepi,
  author = {Japan NAREGI Grid project [URL]},
  title = {http://www.naregi.org/index\_e.html},
  month = {access on Nov.},
  year = {2007}
}

@MISC{url/jdsl,
  author = { Job Submission Description Language [URL]},
  title = {http://www.gridforum.org/documents/GFD.56.pdf/},
  month = {access on June },
  year = {2008}
}

@MISC{url/lhc,
  author = {LHC Computing Grid project [URL]},
  title = {http://cern.ch/LHCgrid/},
  month = {access on Nov.},
  year = {2007}
}

@MISC{url/lsf,
  author = {Load Sharing Facility [URL]},
  title = {\\http://www.platform.com/Products/platform-lsf-family/},
  month = {access on Nov. },
  year = {2007}
}

@MISC{url/mpich,
  author = {MPICH project [URL]},
  title = {\\http://www.mcs.anl.gov/research/projects/mpich2/},
  month = {access on Jan.},
  year = {2007}
}

@MISC{url/.net,
  author = {Microsoft .NET Framework [URL]},
  title = {\\http://msdn2.microsoft.com/en-us/netframework/default.aspx/},
  month = {\\access on Nov.},
  year = {2007}
}

@MISC{url/mpi,
  author = {MPI: Message Passing Interface [URL]},
  title = {\\http://www.mpi-forum.org/},
  month = {access on Nov.},
  year = {2007}
}

@MISC{url/nordugrid,
  author = {NorduGrid project [URL]},
  title = {http://www.nordugrid.org/},
  month = {access on Nov.},
  year = {2007}
}

@MISC{url/cosmology,
  author = {National Cosmology Grid Porject [URL]},
  title = {\\http://www.cosmogrid.ie/},
  month = {access on Oct.},
  year = {2008}
}

@MISC{url/nimbus,
  author = {Nimbus Project [URL]},
  title = {\\http://workspace.globus.org/clouds/nimbus.html/},
  month = {access on June},
  year = {2008}
}

@MISC{url/native,
  author = {Native Virtualization [URL] },
  title = {http://www.virtualiron.com/},
  month = {access on Nov.},
  year = {2007}
}

@MISC{url/omii-bpel,
  author = {OMII-BPEL [URL]},
  title = {http://sse.cs.ucl.ac.uk/omii-bpel/},
  month = {access on Nov.},
  year = {2007}
}

@MISC{url/openssl,
  author = {OpenSSL project [URL]},
  title = {http://www.openssl.org/},
  month = {access on Nov. },
  year = {2007}
}

@MISC{url/oscar,
  author = {OSCAR project [URL]},
  title = {http://cmsdoc.cern.ch/OSCAR/},
  month = {access on Nov.},
  year = {2007}
}

@MISC{url/pbs,
  author = {OpenPBS [URL]},
  title = {http://www.pbsgridworks.com/},
  month = {access on Nov. },
  year = {2007}
}

@MISC{url/afs,
  author = {Open AFS [URL]},
  title = {http://www.openafs.org/ },
  month = {access on Sep.},
  year = {2008}
}

@MISC{url/corba,
  author = {OMG CORBA [URL]},
  title = {http://www.corba.org/},
  month = {access on Nov.},
  year = {2007}
}

@MISC{url/ocfs,
  author = {Oracle Cluster File System [URL]},
  title = {\\http://oss.oracle.com/projects/ocfs/},
  month = {access on June},
  year = {2008}
}

@MISC{url/osfarm,
  author = {OS Farm project [URL]},
  title = {http://cern.ch/osfarm /},
  month = {access on July },
  year = {2008}
}

@MISC{url/ogf,
  author = {Open Grid Forum (OGF) [URL]},
  title = {http://www.ogf.org/},
  month = {access on Nov.},
  year = {2007}
}

@MISC{url/opennebula,
  author = {OpenNEbula Project [URL]},
  title = {http://www.opennebula.org/},
  month = {access on Apr. },
  year = {2008}
}

@MISC{url/uddi,
  author = {OASIS UDDI Specification [URL]},
  title = {\\http://www.oasis-open.org/committees/uddi-spec/doc/tcspecs.htm},
  month = {\\access on June },
  year = {2008}
}

@MISC{url/oracle-vm,
  author = {Oracle Virtual Machine [URL]},
  title = {http://www.oracle.com/technologies/virtualization/index.html/},
  month = {access on June},
  year = {2008}
}

@MISC{url/bpel,
  author = {OASIS Web Services Business Process Execution Language [URL]},
  title = {\\http://www.oasis-open.org/committees/tc\_home.php?wg\_abbrev=wsbpel/},
  month = {\\access on Nov.},
  year = {2007}
}

@MISC{url/cimom,
  author = {Pegasus CIMOM [URL]},
  title = {http://www.openpegasus.org/},
  month = {access on Nov.},
  year = {2007}
}

@MISC{url/pvm,
  author = {PVM: Parallel Virtual Machine [URL]},
  title = {\\http://www.csm.ornl.gov/pvm/},
  month = {access on Nov.},
  year = {2007}
}

@MISC{url/rls,
  author = {Replica Location Service (RLS) [URL]},
  title = {\\http://www.globus.org/toolkit/docs/4.0/data/rls/},
  month = {access on Nov.},
  year = {2007}
}

@MISC{url/reservoir,
  author = {Reservoir Project [URL]},
  title = {http://www-03.ibm.com/press/us/en/pressrelease/23448.wss/},
  month = {access on June},
  year = {2008}
}

@MISC{url/rpc,
  author = {Remote Procedure Call (RPC) [URL]},
  title = {\\http://www.cs.cf.ac.uk/Dave/C/node33.html},
  month = {access on Nov.},
  year = {2007}
}

@MISC{url/smugmug,
  author = { SmugMug [URL]},
  title = {http://www.smugmug.com/},
  month = {access on June },
  year = {2008}
}

@MISC{url/software+service,
  author = {Software + Services [URL]},
  title = {\\http://www.microsoft.com/softwareplusservices/},
  month = {access on June},
  year = {2008}
}

@MISC{url/jwsdp,
  author = {Sun Java Web Service Development Kit [URL]},
  title = {http://java.sun.com/webservices/downloads/previous/index.jsp/},
  month = {access on June },
  year = {2008}
}

@MISC{url/SMIS,
  author = {Storage Management Initiative Specification [URL]},
  title = {http://www.snia.org/smi/tech\_activities/smi\_spec\_pr/spec/},
  month = {access on Nov.},
  year = {2007}
}

@MISC{url/soap,
  author = {Simple Object Access Protocol (SOAP) [URL]},
  title = {\\http://www.w3.org/TR/soap/},
  month = {access on Nov. },
  year = {2007}
}

@MISC{url/status,
  author = {Status Project [URL]},
  title = {http://www.acis.ufl.edu/vws/},
  month = {access on June},
  year = {2008}
}

@MISC{url/g-Eclipse,
  author = {The g-Eclipse project [URL]},
  title = {http://www.geclipse.org/},
  month = {access on July },
  year = {2008}
}

@MISC{url/lcg,
  author = {The Large Hadron Collider Computing Grid [URL]},
  title = {\\http://lcg.web.cern.ch/LCG/},
  month = {access on Nov.},
  year = {2007}
}

@MISC{url/uml,
  author = {Unified Modeling Language [URL]},
  title = {\\http://www.omg.org/technology/documents/formal/uml.htm},
  month = {\\access on Nov. },
  year = {2007}
}

@MISC{url/vmware,
  author = {VMware virtualization technology [URL]},
  title = {\\http://www.vmware.com},
  month = {access on Nov.},
  year = {2007}
}

@MISC{url/vds,
  author = {Virtual Data System [URL]},
  title = {http://vds.uchicago.edu/},
  month = {access on Nov.},
  year = {2007}
}

@MISC{url/web2.0,
  author = {Web 2.0 definition [URL]},
  title = {\\http://en.wikipedia.org/wiki/Web\_2/},
  month = {access on June },
  year = {2008}
}

@MISC{url/ws,
  author = {Web Service [URL]},
  title = {http://www.w3.org/2002/ws/},
  month = {access on Nov. },
  year = {2007}
}

@MISC{url/wsdl,
  author = {Web Service Description Language (WSDL) [URL]},
  title = {\\http://www.w3.org/TR/wsdl/},
  month = {access on Nov. },
  year = {2007}
}

@MISC{url/wsrf,
  author = {Web Service Resource Framework [URL]},
  title = {\\http://www.oasis-open.org/committees/tc\_home.php?wg\_abbrev=wsrf},
  month = {\\access on June},
  year = {2008}
}

@MISC{url/w3c,
  author = {World Wide Web Consortium (W3C) [URL]},
  title = {\\http://www.w3.org/},
  month = {access on Nov.},
  year = {2007}
}

@MISC{url/xen,
  author = {Xen project [URL]},
  title = {http://www.xen.org/},
  month = {access on June },
  year = {2008}
}

@MISC{url/x509,
  author = {X.509 [URL]},
  title = {http://www.itu.int/rec/T-REC-X.509/en/},
  month = {access on Nov. },
  year = {2007}
}

@INPROCEEDINGS{DBLP:conf/sigmod/SzalayGKT00,
  author = {A.Szalay and P. Kunszt and A. Thakar and J. Gray and D. Slutz},
  title = {Designing and Mining Multi-Terabyte Astronomy Archives: the Sloan
	Digital Sky Survey},
  booktitle = {Proceedings of the ACM International Conference on Management of
	Data},
  year = {2000},
  pages = {451-462},
  bibsource = {DBLP, http://dblp.uni-trier.de},
  ee = {http://doi.acm.org/10.1145/342009.335439, db/conf/sigmod/SzalayGKT00.html}
}

@INPROCEEDINGS{hyper2,
  author = {T.M. Aamodt and P. Chow and P. Hammarlund and H. Wang and J. P. Shen},
  title = {{Hardware Support for Prescient Instruction Prefetch}},
  booktitle = {Proceedings of the 10th International Symposium on High Performance
	Computer Architecture},
  year = {2004},
  pages = {84-95}
}

@ARTICLE{DBLP:journals/fgcs/AdabalaCCFFKMTZZZZ05,
  author = {S. Adabala and V. Chadha and P. Chawla and R. Figueiredo and J. Fortes
	and I. Krsul and A. Matsunaga and M. Tsugawa and J. Zhang and Mi.
	Zhao and L. Zhu and X. Zhu},
  title = {From virtualized resources to virtual computing {Grids}: the {In-VIGO}
	system},
  journal = {Future Generation Comp. Syst.},
  year = {2005},
  volume = {21},
  pages = {896-909},
  number = {6},
  bibsource = {DBLP, http://dblp.uni-trier.de},
  ee = {http://dx.doi.org/10.1016/j.future.2003.12.021}
}

@MISC{url/oasis,
  author = {OASIS: Organization for the Advancement of Structured Information
	Standards [URL]},
  title = {http://www.oasis-open.org/},
  month = {access on Nov.},
  year = {2007}
}

@ARTICLE{DBLP:journals/comcom/Al-SaqabiSS97,
  author = {K. Al-Saqabi and S. A. Sarwar and K. Saleh},
  title = {Distributed gang scheduling in networks of heterogenous workstations},
  journal = {Computer Communications},
  year = {1997},
  volume = {20},
  pages = {338-348},
  number = {5},
  bibsource = {DBLP, http://dblp.uni-trier.de},
  ee = {http://dx.doi.org/10.1016/S0140-3664(97)00020-0}
}

@ARTICLE{DBLP:journals/pc/AllcockBBCFKMNQT02,
  author = {W. Allcock and J. Bester and J. Bresnahan and A. Chervenak and I.
	Foster and C. Kesselman and S. Meder and V. Nefedova and D. Quesnel
	and S. Tuecke},
  title = {Data management and transfer in high-performance computational {Grid}
	environments},
  journal = {Parallel Computing},
  year = {2002},
  volume = {28},
  pages = {749-771},
  number = {5},
  bibsource = {DBLP, http://dblp.uni-trier.de}
}

@INBOOK{book/Allen03,
  chapter = {in Grid computing: making the global infrastructure a reality},
  pages = {601-614},
  title = {Classifying and Enabling {Grid} applications},
  publisher = {John \& Wiley},
  year = {2003},
  author = {G. Allen and T. Goodale and M. Russell and E. Seidel and J. Shalf},
  edition = {{F. Berman and G. Fox and T. Hey}}
}

@MISC{amd,
  author = {{AMD}},
  title = {{AMD Multi-Core Technology}},
  note = {http://multi\\ core.amd.com/}
}

@ARTICLE{DBLP:journals/pc/AndreoniC00,
  author = {W. Andreoni and A. Curioni},
  title = {New advances in chemistry and materials science with {CPMD} and parallel
	computing},
  journal = {Parallel Computing},
  year = {2000},
  volume = {26},
  pages = {819-842},
  number = {7-8},
  bibsource = {DBLP, http://dblp.uni-trier.de}
}

@TECHREPORT{report/berkeley-multicore,
  author = {K. Asanovic and R. Bodik and B. C. Catanzaro and J. J. Gebis and
	P. Husbands and K. Keutzer and D. A. Patterson and W. L. Plishker
	and J. Shalf and S. W. Williams and K. A. Yelick},
  title = {The Landscape of Parallel Computing Research: a View from Berkeley},
  institution = {Department of Electrical Engineering and Computer Sciences, University
	of California at Berkeley},
  year = {2006}
}

@INPROCEEDINGS{DBLP:conf/ispw/Balzer91,
  author = {R. Balzer},
  title = {Process virtual machine},
  booktitle = {Proceedings of the 7th International Workshop on Software Process},
  year = {1991},
  pages = {37-40},
  bibsource = {DBLP, http://dblp.uni-trier.de}
}

@ARTICLE{DBLP:journals/cn/Bar-NoyDP04,
  author = {A. Bar-Noy and V. Dreizin and B. Patt-Shamir},
  title = {Efficient algorithms for periodic scheduling},
  journal = {Computer Networks},
  year = {2004},
  volume = {45},
  pages = {155-173},
  number = {2},
  bibsource = {DBLP, http://dblp.uni-trier.de},
  ee = {http://dx.doi.org/10.1016/j.comnet.2003.12.017}
}

@INPROCEEDINGS{DBLP:conf/sosp/BarhamDFHHHN03,
  author = {P. Barham and B. Dragovic and K. Fraser and S. Hand and T. L. Harris
	and A. Ho and R. Neugebauer and I. Pratt and A. Warfield},
  title = {Xen and the art of virtualization},
  booktitle = {Proceedings of the 19th ACM Symposium on Operating Systems Principles},
  year = {2003},
  pages = {164-177},
  address = {New York, U. S. A. },
  month = {Oct. },
  bibsource = {DBLP, http://dblp.uni-trier.de},
  ee = {http://doi.acm.org/10.1145/945445.945462}
}

@ARTICLE{buege06,
  author = {V. Buege and Y. Kemp and M. Kunze and O. Oberst and G. Quast},
  title = {Virtualizing a Batch Queueing System at a University {Grid} Center},
  journal = {Proceeding of Workshop on XEN in HPC Cluster and Grid Computing Environments
	(XHPC), LNCS},
  year = {2006},
  volume = {4331},
  pages = {Italy},
  month = {397-406},
  publisher = {Springer-Verlag}
}

@ARTICLE{DBLP:journals/dsonline/BuyyaAG01,
  author = {R. Buyya and D. Abramson and J. Giddy},
  title = {Research from the Trenches: {Nimrod-G} Resource Broker for Service-Oriented
	{Grid} Computing},
  journal = {IEEE Distributed Systems Online},
  year = {2001},
  volume = {2},
  number = {7},
  bibsource = {DBLP, http://dblp.uni-trier.de},
  ee = {http://dsonline.computer.org/0107/departments/res0107_print.htm}
}

@MISC{xen-performance,
  author = {University of Cambridge Computer Laboratory. },
  title = {Performance Comparison of {VMM}s. available from http://www.cl.cam.ac.uk/research/srg/netos/xen/performance.html/},
  month = {access on Jan.},
  year = { 2008 }
}

@INPROCEEDINGS{DBLP:conf/ccgrid/CaoJSN03,
  author = {J. Cao and S. A. Jarvis and S. Saini and G. R. Nudd},
  title = {{GridFlow}: workflow Management for {Grid} Computing},
  booktitle = {Proceedings of the 3rd IEEE International Symposium on Cluster Computing
	and the Grid},
  year = {2003},
  pages = {198-205},
  bibsource = {DBLP, http://dblp.uni-trier.de},
  ee = {http://csdl.computer.org/comp/proceedings/ccgrid/2003/1919/00/19190198abs.htm}
}

@ARTICLE{DBLP:journals/tse/CasavantK88,
  author = {T. L. Casavant and J. G. Kuhl},
  title = {A Taxonomy of Scheduling in General-Purpose Distributed Computing
	Systems},
  journal = {IEEE Trans. Software Eng.},
  year = {1988},
  volume = {14},
  pages = {141-154},
  number = {2},
  bibsource = {DBLP, http://dblp.uni-trier.de},
  ee = {http://www.computer.org/tse/ts1988/e0141abs.htm}
}

@INPROCEEDINGS{DBLP:conf/hpdc/ChaseIGMS03,
  author = {J. S. Chase and D. E. Irwin and L. E. Grit and J. D. Moore and S.
	Sprenkle},
  title = {Dynamic Virtual Clusters in a {Grid} Site Manager},
  booktitle = {Proceedings of the 12th International Symposium on High Performance
	Distributed Computing},
  year = {2003},
  pages = {90-103},
  bibsource = {DBLP, http://dblp.uni-trier.de},
  ee = {http://csdl.computer.org/comp/proceedings/hpdc/2003/1965/00/19650090abs.htm}
}

@ARTICLE{DBLP:journals/concurrency/ChenY07,
  author = {J. Chen and Y. Yang},
  title = {Multiple states based temporal consistency for dynamic verification
	of fixed-time constraints in {Grid} workflow systems},
  journal = {Concurrency and Computation: Practice and Experience},
  year = {2007},
  volume = {19},
  pages = {965-982},
  number = {7},
  bibsource = {DBLP, http://dblp.uni-trier.de},
  ee = {http://dx.doi.org/10.1002/cpe.1088}
}

@ARTICLE{DBLP:journals/taas/ChenY07,
  author = {J. Chen and Y. Yang},
  title = {Adaptive selection of necessary and sufficient checkpoints for dynamic
	verification of temporal constraints in {Grid} workflow systems},
  journal = {ACM Transactions on Autonomous and Adaptive Systems},
  year = {2007},
  volume = {2},
  number = {2},
  bibsource = {DBLP, http://dblp.uni-trier.de},
  ee = {http://doi.acm.org/10.1145/1242060.1242063}
}

@INPROCEEDINGS{DBLP:conf/hpdc/ChervenakPBKS04,
  author = {A. L. Chervenak and N. Palavalli and S. Bharathi and C. Kesselman
	and R. Schwartzkopf},
  title = {Performance and Scalability of a Replica Location Service},
  booktitle = {Proceedings of the 13th International Symposium on High-Performance
	Distributed Computing},
  year = {2004},
  pages = {182-191},
  bibsource = {DBLP, http://dblp.uni-trier.de},
  ee = {http://doi.ieeecomputersociety.org/10.1109/HPDC.2004.27}
}

@INPROCEEDINGS{gridbuilder,
  author = {S. Childs and B. Coghlan and J. McCandless.},
  title = {{GridBuilder}: a Tool for Creating Virtual Grid Testbeds},
  booktitle = {Proceedings of 2nd IEEE Conference on eScience and Grid computing
	(e-Science)},
  year = {2006},
  pages = {77-77},
  address = {Amsterdam, Netherlands},
  month = {Dec.},
  publisher = {IEEE Computer Society}
}

@INPROCEEDINGS{childs05,
  author = {S. Childs and B. Coghlan and D. O'Callaghan and G. Quigley and J.
	Walsh.},
  title = {A Single-computer {Grid} Gateway Using Virtual Machines},
  booktitle = {Proceedings of the 19th International Conference on Advanced Information
	Networking and Applications},
  year = {2005},
  pages = {310-315 },
  address = {Washington, DC, USA},
  publisher = {IEEE Computer Society}
}

@ARTICLE{DBLP:journals/tvlsi/ChowdhuryC05,
  author = {P. Chowdhury and C. Chakrabarti},
  title = {Static task-scheduling algorithms for battery-powered DVS systems},
  journal = {IEEE Trans. VLSI Syst.},
  year = {2005},
  volume = {13},
  pages = {226-237},
  number = {2},
  bibsource = {DBLP, http://dblp.uni-trier.de},
  ee = {http://doi.ieeecomputersociety.org/10.1109/TVLSI.2004.840771}
}

@INPROCEEDINGS{DBLP:conf/gpc/ChuDT06,
  author = {K. Chu and L. Di and P. Thornton},
  title = {Introduction of {Grid} Computing Application Projects at the {NASA}
	Earth Science Technology Office},
  booktitle = {Proceedings of the First International Conference on Advances in
	Grid and Pervasive Computing},
  year = {2006},
  pages = {289-298},
  bibsource = {DBLP, http://dblp.uni-trier.de},
  ee = {http://dx.doi.org/10.1007/11745693_29}
}

@BOOK{book/DavidPA98,
  title = {Parallel computer architecture: a hardware/software approach},
  publisher = {{Morgan Kaufmann}},
  year = {1998},
  author = {Culler, D. and Singh, J. P. and Gupta, A. },
  month = {August},
  citeulike-article-id = {1030081},
  howpublished = {Hardcover},
  isbn = {1558603433},
  keywords = {algorithms, books, concurrency-control, decentralised, design, distributed,
	hardware, multithreading, operating-systems, performance, processor-design,
	scalability, software-engineering, throughput},
  priority = {0},
  url = {http://www.amazon.ca/exec/obidos/redirect?tag=citeulike09-20{\&}path=ASIN/1558603433}
}

@TECHREPORT{report/GGF/CzajkowskiFF04,
  author = {K. Czajkowski and D. Ferguson and I. Foster and J. Frey and S. Graham
	and T. Maguire and D. Snelling and S. Tuecke.},
  title = {From {Open Grid Services Infrastructure to WS-Resource Framework}:
	refactoring and Evolution},
  institution = {Global Grid Forum},
  year = {2004 },
  month = {Mar.}
}

@INPROCEEDINGS{DBLP:conf/jsspp/CzajkowskiFKKMST98,
  author = {K. Czajkowski and I. Foster and Nicholas T. Karonis and C. Kesselman
	and S. Martin and W. Smith and S. Tuecke},
  title = {A Resource Management Architecture for Metacomputing Systems},
  booktitle = {Proceedings of International Workshop on Job Scheduling Strategies
	for Parallel Processing},
  year = {1998},
  pages = {62-82},
  bibsource = {DBLP, http://dblp.uni-trier.de},
  ee = {http://link.springer.de/link/service/series/0558/bibs/1459/14590062.htm}
}

@INPROCEEDINGS{DBLP:conf/usenix/Dean07,
  author = {J. Dean},
  title = {MapReduce and Other Building Blocks for Large-Scale Distributed Systems
	at Google},
  booktitle = {Proceedings of the USENIX Annual Technical Conference},
  year = {2007},
  bibsource = {DBLP, http://dblp.uni-trier.de},
  ee = {http://www.usenix.org/media/events/usenix07/tech/mp3/dean.mp3}
}

@ARTICLE{DBLP:journals/cacm/DeanG08,
  author = {J. Dean and S. Ghemawat},
  title = {MapReduce: simplified data processing on large clusters},
  journal = {Commun. ACM},
  year = {2008},
  volume = {51},
  pages = {107-113},
  number = {1},
  bibsource = {DBLP, http://dblp.uni-trier.de},
  ee = {http://doi.acm.org/10.1145/1327452.1327492}
}

@ARTICLE{DBLP:journals/grid/DeelmanBGKMVBLACK03,
  author = {E. Deelman and J. Blythe and Y. Gil and C. Kesselman and G. Mehta
	and K. Vahi and K. Blackburn and A. Lazzarini and A. Arbree and R.
	Cavanaugh and S. Koranda},
  title = {Mapping Abstract Complex Workflows onto {Grid} Environments},
  journal = {J. Grid Comput.},
  year = {2003},
  volume = {1},
  pages = {25-39},
  number = {1},
  bibsource = {DBLP, http://dblp.uni-trier.de},
  ee = {http://dx.doi.org/10.1023/A:1024000426962}
}

@ARTICLE{DBLP:journals/sp/DeelmanSSBGKMVBGLJK05,
  author = {E. Deelman and G. Singh and M. Su and J. Blythe and Y. Gil and C.
	Kesselman and G. Mehta and K. Vahi and G. Berriman and J. Good and
	A. C. Laity and J. C. Jacob and D. S. Katz},
  title = {Pegasus: a framework for mapping complex scientific workflows onto
	distributed systems},
  journal = {Scientific Programming},
  year = {2005},
  volume = {13},
  pages = {219-237},
  number = {3},
  bibsource = {DBLP, http://dblp.uni-trier.de},
  ee = {http://iospress.metapress.com/openurl.asp?genre=article{\&}issn=1058-9244{\&}volume=13{\&}issue=3{\&}spage=219}
}

@MISC{url/cod,
  author = {Cluster on Demand project [URL]},
  title = {http://www.cs.duke.edu/nicl/cod/},
  month = {access on Nov.},
  year = {2007}
}

@ARTICLE{Dia96,
  author = {D. Diachin and L. Freitag and D. Heath and J. Herzog and W. Michels
	and P. Plassmann},
  title = {Remote Engineering Tools for the Design of Pollution Control Systems
	for Commercial Boders},
  journal = {International Journal Supercomputer Applications},
  year = {1996},
  volume = {10},
  pages = {208-218},
  number = {2}
}

@ARTICLE{DBLP:journals/pc/DrakeF95,
  author = {J. B. Drake and I. T. Foster},
  title = {Introduction to the Special Issue on Parallel Computing in Climate
	and Weather Modeling},
  journal = {Parallel Computing},
  year = {1995},
  volume = {21},
  pages = {1539-1544},
  number = {10},
  bibsource = {DBLP, http://dblp.uni-trier.de}
}

@ARTICLE{DBLP:journals/tse/EagerLZ86,
  author = {D. L. Eager and E. D. Lazowska and J. Zahorjan},
  title = {Adaptive Load Sharing in Homogeneous Distributed Systems},
  journal = {IEEE Trans. Software Eng.},
  year = {1986},
  volume = {12},
  pages = {662-675},
  number = {5},
  bibsource = {DBLP, http://dblp.uni-trier.de}
}

@ARTICLE{DBLP:journals/grid/EmmerichBCWP05,
  author = {W. Emmerich and B. Butchart and L. Chen and B. Wassermann and S.
	L. Price},
  title = {{Grid} Service Orchestration Using the{ Business Process Execution
	Language (BPEL)}},
  journal = {J. Grid Comput.},
  year = {2005},
  volume = {3},
  pages = {283-304},
  number = {3-4},
  bibsource = {DBLP, http://dblp.uni-trier.de},
  ee = {http://dx.doi.org/10.1007/s10723-005-9015-3}
}

@ARTICLE{DBLP:journals/concurrency/FahringerJPPST05,
  author = {T. Fahringer and A. Jugravu and S. Pllana and R. Prodan and C. Seragiotto
	Jr. and H. Truong},
  title = {{ASKALON}: a tool set for cluster and {Grid} computing},
  journal = {Concurrency -- Practice and Experience},
  year = {2005},
  volume = {17},
  pages = {143-169},
  number = {2-4},
  bibsource = {DBLP, http://dblp.uni-trier.de},
  ee = {http://dx.doi.org/10.1002/cpe.929}
}

@INPROCEEDINGS{DBLP:conf/iccS/FahringerPV04,
  author = {T. Fahringer and S. Pllana and A. Villaz{\'o}n},
  title = {{A-GWL: Abstract Grid Workflow Language}},
  booktitle = {Proceedings of International Conference on Computational Science},
  year = {2004},
  pages = {42-49},
  bibsource = {DBLP, http://dblp.uni-trier.de},
  ee = {http://springerlink.metapress.com/openurl.asp?genre=article{\&}issn=0302-9743{\&}volume=3038{\&}spage=42}
}

@INPROCEEDINGS{xen-cluster,
  author = {N. Fallenbeck and H. J. Picht and M. Smith and B. Freisleben},
  title = {Xen and the Art of Cluster Scheduling },
  booktitle = {Proc. of 1st International Workshop on Virtualization Technology
	in Distributed Computing },
  year = {2006},
  address = {USA },
  month = {Nov.},
  publisher = {IEEE Computer Society}
}

@INPROCEEDINGS{DBLP:conf/ccgrid/FedakGNC01,
  author = {G. Fedak and C. Germain and V. N{\'e}ri and F. Cappello},
  title = {{XtremWeb}: a Generic Global Computing System},
  booktitle = {Proceedings of the 1st IEEE International Symposium on Cluster Computing
	and the Grid},
  year = {2001},
  pages = {582-587},
  bibsource = {DBLP, http://dblp.uni-trier.de},
  ee = {http://csdl.computer.org/comp/proceedings/ccgrid/2001/1010/00/10100582abs.htm}
}

@INPROCEEDINGS{DBLP:conf/hpdc/ad-hoc,
  author = {Renato J. Figueiredo and P. Oscar Boykin and Pierre St. Juste and
	David Wolinsky},
  title = {Facilitating the Deployment of Ad-hoc Virtual Organizations with
	Integrated Social and Overlay Networks},
  booktitle = {Proceedings of the 17th international symposium on High performance
	distributed computing},
  year = {2008},
  pages = {201-204},
  bibsource = {DBLP, http://dblp.uni-trier.de},
  ee = {http://doi.acm.org/10.1145/1383422.1383448}
}

@INPROCEEDINGS{DBLP:conf/icdcs/FigueiredoDF03,
  author = {R. J. O. Figueiredo and P. A. Dinda and J. A. B. Fortes},
  title = {A Case For {Grid} Computing On Virtual Machine},
  booktitle = {Proceedings of the 23rd International Conference on Distributed Computing
	Systems},
  year = {2003},
  pages = {550-559},
  bibsource = {DBLP, http://dblp.uni-trier.de},
  ee = {http://csdl.computer.org/comp/proceedings/icdcs/2003/1920/00/19200550abs.htm}
}

@INPROCEEDINGS{DBLP:conf/hpdc/FitzgeraldFKLST97,
  author = {S. Fitzgerald and I. Foster and C. Kesselman and G. Laszewski and
	W. Smith and S. Tuecke},
  title = {A Directory Service for Configuring High-Performance Distributed
	Computations},
  booktitle = {Proceedings of 6th IEEE Symposium on High Performance Distributed
	Computing},
  year = {1997},
  pages = {365-376},
  bibsource = {DBLP, http://dblp.uni-trier.de},
  ee = {http://computer.org/proceedings/hpdc/8117/81170365abs.htm}
}

@ARTICLE{article/foster02,
  author = {I. Foster},
  title = {What is the {Grid}? a Three Point Checklist},
  journal = {GRIDToday},
  year = {2002},
  month = {June}
}

@ARTICLE{Foster2004B,
  author = {I. Foster and D. Gannon and H. Kishimoto and Jeffrin J. Von Reich},
  title = {Open Grid Services Architecture User Cases},
  journal = {Global Grid Forum Informational Document GFD-I.029},
  year = {2004}
}

@ARTICLE{DBLP:journals/concurrency/FosterGNST98,
  author = {I. Foster and J. Geisler and B. Nickless and W. Smith and S. Tuecke},
  title = {Software infrastructure for the {I-WAY} metacomputing experiment},
  journal = {Concurrency -- Practice and Experience},
  year = {1998},
  volume = {10},
  pages = {567-581},
  number = {7},
  bibsource = {DBLP, http://dblp.uni-trier.de}
}

@ARTICLE{DBLP:journals/fgcs/FosterK99,
  author = {I. Foster and C. Kesselman},
  title = {The {Globus} project: a status report},
  journal = {Future Generation Comp. Syst.},
  year = {1999},
  volume = {15},
  pages = {607-621},
  number = {5-6},
  bibsource = {DBLP, http://dblp.uni-trier.de},
  ee = {http://dx.doi.org/10.1016/S0167-739X(99)00013-8}
}

@BOOK{book/Foster99,
  title = {The {Grid}: blueprint for a new computing infrastructure},
  publisher = {Morgan Kaufmann},
  year = {1998},
  author = {I. Foster and C. Kesselman}
}

@ARTICLE{journal/ijsca/FosterKT01,
  author = {I. Foster and C. Kesselman and S. Tuecke},
  title = {The Anatomy of the {Grid} -- Enabling Scalable Virtual Organizations},
  journal = {Int'l J. of Supercomp. App.},
  year = {2001},
  volume = {15},
  pages = {200-222 },
  number = {3},
  month = {August},
  publisher = {Sage Publications, Inc.}
}

@TECHREPORT{report/GGF/FosterKS05,
  author = {I. Foster and H. Kishimoto and A. Savva and D. Berry and A. Djaoui
	and A. Grimshaw and B. Horn and F. Maciel and F. Siebenlist and R.
	Subramaniam and J. Treadwell and J. V. Reich.},
  title = {{The Open Grid Services Architecture (OGSA)}, Version 1.0},
  institution = {Global Grid Forum (GGF)},
  year = {2005},
  month = {Jan.}
}

@ARTICLE{journals/ccpe/Fox07,
  author = {G. Fox and M. Pierce },
  title = {Grids challenged by a Web 2.0 and multicore sandwich},
  journal = {to appear in Concurrency and Computation: Practice and Experience},
  year = {2007}
}

@MISC{url/aggregator,
  author = {{GT} 4.0 Information Services: aggregator Framework [URL]},
  title = {\\http://www.globus.org/toolkit/docs/4.0/info/aggregator/},
  month = {access on Nov.},
  year = {2007}
}

@ARTICLE{DBLP:journals/cluster/FreyTLFT02,
  author = {J. Frey and T. Tannenbaum and M. Livny and I. Foster and S. Tuecke},
  title = {{Condor-G}: a Computation Management Agent for Multi-Institutional
	{Grids}},
  journal = {Cluster Computing},
  year = {2002},
  volume = {5},
  pages = {237-246},
  number = {3},
  bibsource = {DBLP, http://dblp.uni-trier.de}
}

@ARTICLE{DBLP:journals/grid/GangulyABF07,
  author = {A. Ganguly and A. Agrawal and P. O. Boykin and R. J. O. Figueiredo},
  title = {{WOW: self-organizing wide area overlay networks of virtual workstations}},
  journal = {J. Grid Comput.},
  year = {2007},
  volume = {5},
  pages = {151-172},
  number = {2},
  bibsource = {DBLP, http://dblp.uni-trier.de},
  ee = {http://dx.doi.org/10.1007/s10723-007-9076-6}
}

@INPROCEEDINGS{DBLP:conf/ipps/GangulyABF06,
  author = {A. Ganguly and Abhishek Agrawal and P. O. Boykin and R. J. O. Figueiredo},
  title = {{IP over P2P: enabling self-configuring virtual IP networks for Grid
	computing}},
  booktitle = {Proceedings of the 20th International Parallel and Distributed Processing
	Symposium},
  year = {2006},
  bibsource = {DBLP, http://dblp.uni-trier.de},
  ee = {http://dx.doi.org/10.1109/IPDPS.2006.1639287}
}

@INPROCEEDINGS{DBLP:conf/sosp/GhemawatGL03,
  author = {S. Ghemawat and H. Gobioff and S. Leung},
  title = {The {Google} file system},
  booktitle = {Proceedings of the 19th ACM Symposium on Operating Systems Principles},
  year = {2003},
  pages = {29-43},
  bibsource = {DBLP, http://dblp.uni-trier.de},
  ee = {http://doi.acm.org/10.1145/945445.945450}
}

@MISC{url/dgrid,
  author = {Germany national Grid initiative [URL]},
  title = {http://www.dgrid.de/},
  month = {access on Nov.},
  year = {2007}
}

@ARTICLE{DBLP:journals/computer/GrimshawFKH99,
  author = {A. S. Grimshaw and A. Ferrari and F. Knabe and M. Humphrey},
  title = {Wide-Area Computing: resource Sharing on a Large Scale},
  journal = {IEEE Computer},
  year = {1999},
  volume = {32},
  pages = {29-37},
  number = {5},
  bibsource = {DBLP, http://dblp.uni-trier.de}
}

@TECHREPORT{report/ggf/IS,
  author = {Global Grid Forum GIS Working Group},
  title = {Grid Information Services for Resource Sharing},
  institution = {Global Grid Forum},
  year = {2001},
  month = {July}
}

@TECHREPORT{report/ggf-gin,
  author = {Grid Interoperation Now Community Group},
  title = {Experiences from interoperation scenarios in production {Grids}},
  institution = {Open Grid Forum},
  year = {2007},
  month = {Feb.}
}

@MISC{url/haas,
  author = {Here comes HaaS [URL]},
  title = {\\http://www.roughtype.com/archives/2006/03/here\_comes\_haas.php/},
  month = {\\access on June},
  year = {2008}
}

@ARTICLE{DBLP:journals/concurrency/HaririV93,
  author = {S. Hariri and A. Varma},
  title = {High-performance distributed computing: promises and challenges},
  journal = {Concurrency -- Practice and Experience},
  year = {1993},
  volume = {5},
  pages = {233-238},
  number = {4},
  bibsource = {DBLP, http://dblp.uni-trier.de},
  ee = {http://dx.doi.org/10.1002/cpe.4330050402}
}

@INPROCEEDINGS{DBLP:conf/iccS/HoheiselD03,
  author = {Andreas Hoheisel and Uwe Der},
  title = {An {XML} Based Framework for Loosely Coupled Applications on {Grid}
	Environments},
  booktitle = {Proceedings of International Conference on Computational Science},
  year = {2003},
  pages = {245-254},
  bibsource = {DBLP, http://dblp.uni-trier.de},
  ee = {http://link.springer.de/link/service/series/0558/bibs/2657/26570245.htm}
}

@ARTICLE{DBLP:journals/nar/HullWSGPLO06,
  author = {D. Hull and K. Wolstencroft and R. Stevens and C. Goble and M. R.
	Pocock and P. Li and T. Oinn},
  title = {Taverna: a tool for building and running workflows of services},
  journal = {Nucleic Acids Research},
  year = {2006},
  volume = {34},
  pages = {729-732}
}

@MISC{intel,
  author = {{Intel Corporation}},
  title = {{Intel Multi-Core Technology}},
  note = {http://www.intel.com/multi-core/}
}

@MISC{intel-omp,
  author = {{Intel Corporation}},
  title = {{Intel C++ Compiler 11.0 Professional Edition for Linux}},
  note = {http://www.intel.com/cd/software/products/asmo-na/eng/compilers/clin/277618.htm}
}

@INPROCEEDINGS{DBLP:conf/usenix/IrwinCGYBY06,
  author = {D. E. Irwin and J. S. Chase and L. E. Grit and A. R. Yumerefendi
	and D. Becker and K. Yocum},
  title = {Sharing Networked Resources with Brokered Leases},
  booktitle = {Proceedings of the 2006 USENIX Annual Technical Conference},
  year = {2006},
  pages = {199-212},
  bibsource = {DBLP, http://dblp.uni-trier.de},
  ee = {http://www.usenix.org/events/usenix06/tech/irwin.html}
}

@INPROCEEDINGS{DBLP:conf/ispa/JiangX04,
  author = {X. Jiang and D. Xu},
  title = {{VIOLIN}: virtual Internetworking on Overlay Infrastructure},
  booktitle = {Proceedings of the 2nd International Symposium of Parallel and Distributed
	Processing and Applications},
  year = {2004},
  pages = {937-946},
  bibsource = {DBLP, http://dblp.uni-trier.de},
  ee = {http://springerlink.metapress.com/openurl.asp?genre=article{\&}issn=0302-9743{\&}volume=3358{\&}spage=937}
}

@INPROCEEDINGS{DBLP:conf/hpdc/JiangX03,
  author = {X. Jiang and D. Xu},
  title = {{SODA}: a Service-On-Demand Architecture for Application Service
	Hosting Utility Platforms},
  booktitle = {Proceedings of the 12th International Symposium on High-Performance
	Distributed Computing},
  year = {2003},
  pages = {174-183},
  bibsource = {DBLP, http://dblp.uni-trier.de},
  ee = {http://csdl.computer.org/comp/proceedings/hpdc/2003/1965/00/19650174abs.htm}
}

@TECHREPORT{NAS2,
  author = {H. Jin and M. Frumkin and J. Yan},
  title = {{The OpenMP Implementation of NAS Parallel Benchmarks and Its Performance}},
  institution = {NASA Ames Research Center},
  year = {1999},
  number = {NAS-99-011},
  month = {October}
}

@ARTICLE{cell1,
  author = {J.A. Kahle and M.N. Day and H.P. Hofstee and C.R. Johns and T.R.
	Maeurer and D. Shippy},
  title = {{Introduction to the Cell Multiprocessor}},
  journal = {IBM Research \& Development},
  year = {2005},
  volume = {49},
  pages = {589-605},
  number = {4/5}
}

@INPROCEEDINGS{DBLP:conf/sag/KarasavvasAAHSHJKP04,
  author = {K. Karasavvas and M. Antonioletti and M. P. Atkinson and N. P. Chue
	Hong and T. Sugden and Alastair C. Hume and M. Jackson and A. Krause
	and Charaka Palansuriya},
  title = {Introduction to {OGSA-DAI} Services},
  booktitle = {Proceedings of the 1st International Workshop on Scientific Applications
	of Grid Computing},
  year = {2004},
  pages = {1-12},
  bibsource = {DBLP, http://dblp.uni-trier.de},
  ee = {http://dx.doi.org/10.1007/11423287_1}
}

@INPROCEEDINGS{DBLP:conf/grid/KeaheyDF04,
  author = {K. Keahey and K. Doering and I. Foster},
  title = {From Sandbox to Playground: dynamic Virtual Environments in the {Grid}},
  booktitle = {Proceedings of the 5th International Workshop on Grid Computing},
  year = {2004},
  pages = {34-42},
  bibsource = {DBLP, http://dblp.uni-trier.de},
  ee = {http://doi.ieeecomputersociety.org/10.1109/GRID.2004.32}
}

@ARTICLE{DBLP:journals/sp/KeaheyFFZ05,
  author = {K. Keahey and I. Foster and T. Freeman and X. Zhang},
  title = {Virtual workspaces: achieving quality of service and quality of life
	in the {Grid} },
  journal = {Scientific Programming},
  year = {2005},
  volume = {13},
  pages = {265-275},
  number = {4},
  bibsource = {DBLP, http://dblp.uni-trier.de},
  ee = {http://iospress.metapress.com/openurl.asp?genre=article{\&}issn=1058-9244{\&}volume=13{\&}issue=4{\&}spage=265}
}

@INPROCEEDINGS{dsm-omp,
  author = {Y. Kee and J. Kim and S. Ha},
  title = {{ParADE: An OpenMP Programming Environment for SMP Cluster Systems}},
  booktitle = {Proceedings of SC 2003},
  year = {2003}
}

@INPROCEEDINGS{DBLP:conf/icpp/KhanMJ94,
  author = {A. A. Khan and C. McCreary and M. S. Jones},
  title = {A Comparison of Multiprocessor Scheduling Heuristics},
  booktitle = {ICPP},
  year = {1994},
  pages = {243-250},
  bibsource = {DBLP, http://dblp.uni-trier.de}
}

@TECHREPORT{Kleinrock67,
  author = {L. Kleinrock},
  title = {{UCLA} to be 1st station in nationwide computer network},
  institution = {University of California, Los Angeles},
  year = {1969},
  type = {Press Release},
  month = {July}
}

@ARTICLE{DBLP:journals/internet/KoutsonikolaV04,
  author = {V. A. Koutsonikola and A. Vakali},
  title = {{LDAP}: framework, Practices, and Trends},
  journal = {IEEE Internet Computing},
  year = {2004},
  volume = {8},
  pages = {66-72},
  number = {5},
  bibsource = {DBLP, http://dblp.uni-trier.de},
  ee = {http://doi.ieeecomputersociety.org/10.1109/MIC.2004.44}
}

@INPROCEEDINGS{conference/wang08,
  author = {E. Kwemou and L. Wang and J. Tao and M. Kunze and D. Kramer and W.
	Karl},
  title = { {Grid} Virtualization Engine: providing Virtual Resources for {Grid}
	Infrastructure},
  booktitle = {Proceedings of the 9th Workshop on Parallel Systems and Algorithms},
  year = {2008},
  editor = {W. Nagel and R. Hoffmann},
  address = {Dresden, Germany},
  month = {Feb.},
  publisher = {GI}
}

@INPROCEEDINGS{paper1/inproceedings/cmt,
  author = {von Laszewski, Gregor and Mei-Hui Su and Joseph A. Insley and Ian
	Foster and John Bresnahan and Carl Kesselman and Marcus Thiebaux
	and Mark L. Rivers and Steve Wang and Brian Tieman and Ian McNulty},
  title = {{Real-Time Analysis, Visualization, and Steering of Microtomography
	Experiments at Photon Sources}},
  booktitle = {Ninth SIAM Conference on Parallel Processing for Scientific Computing},
  year = {1999},
  address = {San Antonio, TX},
  month = {22-24~} # mar,
  bibfile = {vonLaszewski-final.bib},
  owner = {gregor},
  status = {final},
  url = {http://www.mcs.anl.gov/~gregor/papers/vonLaszewski--siamCmt99.pdf}
}

@ARTICLE{DBLP:journals/grid/LaszewskiH05,
  author = {G. V. Laszewski and M. Hategan},
  title = {Workflow Concepts of the {Java CoG Kit}},
  journal = {J. Grid Comput.},
  year = {2005},
  volume = {3},
  pages = {239-258},
  number = {3-4},
  bibsource = {DBLP, http://dblp.uni-trier.de},
  ee = {http://dx.doi.org/10.1007/s10723-005-9013-5}
}

@ARTICLE{Lee96,
  author = {C. Lee and C. Kesselman and S. Schwab},
  title = {Near Real-Time Satellite Image Processing: metacomputing in {CC++}},
  journal = {IEEE Computer Graphics and Applications},
  year = {1996},
  volume = {16},
  pages = {79-84},
  number = {4}
}

@INBOOK{bookchapter/leeT03,
  chapter = {in Grid computing: making the global infrastructure a reality},
  pages = {555-578},
  title = {{Grid} programming models: current tools, issues and directions},
  publisher = {John Wiley \& Sons Inc.},
  year = {2002},
  author = {C. Lee and D. Talia},
  edition = {{F. Berman and G. Fox and T. Hey}},
  month = {December}
}

@ARTICLE{hyper1,
  author = {J. Lee and C. Jung and D. Lim and Y. Solihin},
  title = {{Prefetching with Helper Threads for Loosely-Coupled Multiprocessor
	Systems}},
  journal = {IEEE Transactions on Parallel and Distributed Systems},
  year = {2008},
  volume = {99},
  number = {1},
  issn = {1045-9219}
}

@ARTICLE{DBLP:journals/tc/LeeZ06,
  author = {Y. Lee and A. Y. Zomaya},
  title = {Practical Scheduling of Bag-of-Tasks Applications on Grids with Dynamic
	Resilience},
  journal = {IEEE Trans. Computers},
  year = {2007},
  volume = {56},
  pages = {815-825},
  number = {6},
  bibsource = {DBLP, http://dblp.uni-trier.de},
  ee = {http://dx.doi.org/10.1109/TC.2007.1042}
}

@TECHREPORT{report/mit-multicore,
  author = {C. E. Leiserson and I. B. Mirman},
  title = {How to Survive the Multicore Software Revolution},
  institution = {Cilk Arts, Inc},
  year = {2008}
}

@INPROCEEDINGS{Len95,
  author = {A. Lenstra},
  title = {Factoring Integers Using the {Web} and the Number Field Sieve},
  booktitle = {Proceedings of International Forum on Multimedia and Information
	Security},
  year = {1995},
  pages = {93-113}
}

@ARTICLE{DBLP:journals/scheduling/LiH07,
  author = {R. Li and H. Huang},
  title = {List scheduling for jobs with arbitrary release times and similar
	lengths},
  journal = {J. Scheduling},
  year = {2007},
  volume = {10},
  pages = {365-373},
  number = {6},
  bibsource = {DBLP, http://dblp.uni-trier.de},
  ee = {http://dx.doi.org/10.1007/s10951-007-0042-8}
}

@BOOK{553607,
  title = {Java virtual machine specification},
  publisher = {Addison-Wesley Longman Publishing Co., Inc.},
  year = {1999},
  author = {T. Lindholm and F. Yellin},
  address = {Boston, MA, USA},
  isbn = {0201432943}
}

@INPROCEEDINGS{DBLP:conf/icdcs/LitzkowLM88,
  author = {M. Litzkow and M. Livny and M. W. Mutka},
  title = {Condor -- A Hunter of Idle Workstations},
  booktitle = {Proceedings of the 8th International Conference on Distributed Computing
	Systems},
  year = {1988},
  pages = {104-111},
  bibsource = {DBLP, http://dblp.uni-trier.de}
}

@MASTERSTHESIS{report/liu,
  author = {B. Liu},
  title = {Ground Cover Classification of Satellite Imagery on Parallel Architectures},
  school = {School of Computing Engineering, Nanyang Technological University,
	Singapore},
  year = {2004}
}

@ARTICLE{DBLP:journals/jpdc/LiuPX05,
  author = {G. Liu and K. Poh and M. Xie},
  title = {Iterative list scheduling for heterogeneous computing},
  journal = {J. Parallel Distrib. Comput.},
  year = {2005},
  volume = {65},
  pages = {654-665},
  number = {5},
  bibsource = {DBLP, http://dblp.uni-trier.de},
  ee = {http://dx.doi.org/10.1016/j.jpdc.2005.01.002}
}

@ARTICLE{DBLP:journals/tc/Lo88,
  author = {V. M. Lo},
  title = {Heuristic Algorithms for Task Assignment in Distributed Systems},
  journal = {IEEE Trans. Computers},
  year = {1988},
  volume = {37},
  pages = {1384-1397},
  number = {11},
  bibsource = {DBLP, http://dblp.uni-trier.de}
}

@INPROCEEDINGS{hyper-multi,
  author = {J. Lu and A. Das and W. Hsu and K. Nguyen and S.G. Abraham},
  title = {{Dynamic Helper Threaded Prefetching on the Sun UltraSPARC CMP Processor}},
  booktitle = {Proceedings of the 38th Annual IEEE/ACM International Symposium on
	Microarchitecture},
  year = {2005},
  pages = {93-104}
}

@ARTICLE{DBLP:journals/cas/MaceyZ97,
  author = {B. S. Macey and A. Y. Zomaya},
  title = {A Comparison of List Scheduling Heuristics for Communication Intensive
	Task Graphs},
  journal = {Cybernetics and Systems},
  year = {1997},
  volume = {28},
  pages = {535-546},
  number = {7},
  bibsource = {DBLP, http://dblp.uni-trier.de},
  ee = {http://dx.doi.org/10.1080/019697297125921}
}

@INPROCEEDINGS{Mar96,
  author = {K. Marzullo and M. Ogg and A. Ricciardi and A. Amoroso and F.A. Calkins
	and E. Rothfus},
  title = {{NILE}: widearea Computing for High Energy Physics},
  booktitle = {Proceedings of 7th ACM SIGOPS European Workshop},
  year = {1996},
  pages = {49-54}
}

@ARTICLE{DBLP:journals/concurrency/McCannYVM06,
  author = {K. M. McCann and M. Yarrow and A. D. Vivo and P. Mehrotra},
  title = {{ScyFlow}: an environment for the visual specification and execution
	of scientific workflows},
  journal = {Concurrency and Computation: Practice and Experience},
  year = {2006},
  volume = {18},
  pages = {1155-1167},
  number = {10},
  bibsource = {DBLP, http://dblp.uni-trier.de},
  ee = {http://dx.doi.org/10.1002/cpe.990}
}

@ARTICLE{DBLP:journals/internet/MenasceC04,
  author = {D. A. Menasc{\'e} and E. Casalicchio},
  title = { {QoS} in {Grid} Computing},
  journal = {IEEE Internet Computing},
  year = {2004},
  volume = {8},
  pages = {85-87},
  number = {4},
  bibsource = {DBLP, http://dblp.uni-trier.de}
}

@INPROCEEDINGS{Mes97,
  author = {P. Messin and S. Brunett and D. Davis and T. Gottschalk and D. Curkendall
	and L. Ekroot and H. Siegel},
  title = {Distributed Interactive Simulation for Synthetic Forces},
  booktitle = {Proceedings of the 11th International Parallel Processing Symposium},
  year = {1997}
}

@ARTICLE{DBLP:journals/internet/Metz03,
  author = {C. Metz},
  title = {The Latest in Virtual Private Networks: {Part I}},
  journal = {IEEE Internet Computing},
  year = {2003},
  volume = {7},
  pages = {87-91},
  number = {1},
  bibsource = {DBLP, http://dblp.uni-trier.de},
  ee = {http://www.computer.org/internet/ic2003/w1087abs.htm}
}

@ARTICLE{DBLP:journals/computer/MilenkovicRKBGTAB03,
  author = {M. Milenkovic and S. H. Robinson and R. C. Knauerhase and D. Barkai
	and S. Garg and V. Tewari and T. A. Anderson and M. Bowman},
  title = {Toward {Internet} Distributed Computing},
  journal = {IEEE Computer},
  year = {2003},
  volume = {36},
  pages = {38-46},
  number = {5},
  bibsource = {DBLP, http://dblp.uni-trier.de},
  ee = {http://computer.org/computer/co2003/r5038abs.htm}
}

@INPROCEEDINGS{DBLP:conf/iscas/MowafiJCSW02,
  author = {M. Mowafi and N. Jiang and T. Caudell and W. Shu and M. Wu},
  title = {Real-time transmission of stereo images over the access {Grid}},
  booktitle = {Proceedings of the IEEE International Symposium on Circuits and Systems},
  year = {2002},
  pages = {633-636},
  bibsource = {DBLP, http://dblp.uni-trier.de},
  ee = {http://doi.ieeecomputersociety.org/10.1109/ISCAS.2002.1010783}
}

@ARTICLE{DBLP:journals/cee/MtibaaOA07,
  author = {A. Mtibaa and B. Ouni and M. Abid},
  title = {An efficient list scheduling algorithm for time placement problem},
  journal = {Computers {\&} Electrical Engineering},
  year = {2007},
  volume = {33},
  pages = {285-298},
  number = {4},
  bibsource = {DBLP, http://dblp.uni-trier.de},
  ee = {http://dx.doi.org/10.1016/j.compeleceng.2007.02.005}
}

@ARTICLE{DBLP:journals/ijpp/NakanoIOKK03,
  author = {H. Nakano and K. Ishizaka and M. Obata and K. Kimura and H. Kasahara},
  title = {Static Coarse Grain Task Scheduling with Cache Optimization Using
	OpenMP},
  journal = {International Journal of Parallel Programming},
  year = {2003},
  volume = {31},
  pages = {211-223},
  number = {3},
  bibsource = {DBLP, http://dblp.uni-trier.de}
}

@ARTICLE{DBLP:journals/concurrency/NascimentoSBR07,
  author = {A. Nascimento and A. Sena and C. Boeres and V. Rebello},
  title = {Distributed and dynamic self-scheduling of parallel MPI Grid applications},
  journal = {Concurrency and Computation: Practice and Experience},
  year = {2007},
  volume = {19},
  pages = {1955-1974},
  number = {14},
  bibsource = {DBLP, http://dblp.uni-trier.de},
  ee = {http://dx.doi.org/10.1002/cpe.1139}
}

@BOOK{NewcomerLomow2004SOA,
  title = {Understanding {SOA with Web} services},
  publisher = {Addison-Wesley},
  year = {2004},
  author = {E. Newcomer and G. Lomow},
  description = {The entire bibliography of the book "Software Evolution" co-edited
	by Tom Mens and Serge Demeyer, published by Springer in 2008},
  isbn = {0-321-18086-0},
  keywords = {imported }
}

@INPROCEEDINGS{DBLP:conf/iccS/NguyenP02,
  author = {T. Nguyen and C. Plumejeaud},
  title = {An Integration Platform for Metacomputing Applications},
  booktitle = {Proceedings of the International Conference on Computational Science},
  year = {2002},
  pages = {474-483},
  bibsource = {DBLP, http://dblp.uni-trier.de},
  ee = {http://link.springer.de/link/service/series/0558/bibs/2329/23290474.htm}
}

@INPROCEEDINGS{Nie96,
  author = {J. Nieplocha and R. Harrison},
  title = {Shared Memory {NUMA} Programming on the { I-WAY}},
  booktitle = {Proceedings of 5th IEEE Symposium on High Performance Distributed
	Computing},
  year = {1996},
  pages = {340-349}
}

@INPROCEEDINGS{DBLP:conf/cbms/NozakiASMT05,
  author = {K. Nozaki and T. Akiyama and S. Shimojo and S. Maeda and H. Tamagawa},
  title = {Integration of Computational Fluid Dynamics and Computational Aero
	Acoustics on {Grid} for Dental Applications},
  booktitle = {Proceedings of the 18th IEEE Symposium on Computer-Based Medical
	Systems},
  year = {2005},
  pages = {517-522},
  bibsource = {DBLP, http://dblp.uni-trier.de},
  ee = {http://doi.ieeecomputersociety.org/10.1109/CBMS.2005.70}
}

@INPROCEEDINGS{model,
  author = {S. A. Ostadzadeh and R. J. Meeuws and K Sigdel and K.L.M. Bertels
	},
  title = {{A Multipurpose Clustering Algorithm for Task Partitioning in Multicore
	Reconfigurable Systems}},
  booktitle = {Proceedings of IEEE International Workshop on Multi-Core Computing
	Systems},
  year = {2009},
  pages = {to appear},
  month = {March }
}

@BOOK{MPI,
  title = {{Parallel Programming with MPI}},
  publisher = {Morgan Kaufmann},
  year = {1996},
  author = {P. Pacheco},
  number = {978-1-55860-339-4},
  series = {ISBN},
  month = {October}
}

@ARTICLE{DBLP:journals/siamcomp/PapadimitriouY79,
  author = {C. H. Papadimitriou and M. Yannakakis},
  title = {Scheduling Interval-Ordered Tasks},
  journal = {SIAM J. Comput.},
  year = {1979},
  volume = {8},
  pages = {405-409},
  number = {3},
  bibsource = {DBLP, http://dblp.uni-trier.de}
}

@ARTICLE{DBLP:journals/fgcs/Park04,
  author = {G. Park},
  title = {Performance evaluation of a list scheduling algorithm in distributed
	memory multiprocessor systems},
  journal = {Future Generation Comp. Syst.},
  year = {2004},
  volume = {20},
  pages = {249-256},
  number = {2},
  bibsource = {DBLP, http://dblp.uni-trier.de},
  ee = {http://dx.doi.org/10.1016/S0167-739X(03)00139-0}
}

@ARTICLE{DBLP:journals/jpdc/ParkK05,
  author = {H. Park and B. Kim},
  title = {Optimal task scheduling algorithm for cyclic synchronous tasks in
	general multiprocessor networks},
  journal = {J. Parallel Distrib. Comput.},
  year = {2005},
  volume = {65},
  pages = {261-274},
  number = {3},
  bibsource = {DBLP, http://dblp.uni-trier.de},
  ee = {http://dx.doi.org/10.1016/j.jpdc.2004.04.007}
}

@INPROCEEDINGS{DBLP:conf/sigmod/PattersonGK88,
  author = {D. A. Patterson and G. A. Gibson and R. H. Katz},
  title = {A Case for { Redundant Arrays of Inexpensive Disks (RAID) } },
  booktitle = {Proceedings of the ACM International Conference on Management of
	Data},
  year = {1988},
  pages = {109-116},
  bibsource = {DBLP, http://dblp.uni-trier.de},
  ee = {http://doi.acm.org/10.1145/50202.50214, db/conf/sigmod/PattersonGK88.html}
}

@ARTICLE{DBLP:journals/corr/cs-SE-0306082,
  author = {L. Pearlman and V. Welch and I. Foster and C. Kesselman and S. Tuecke},
  title = {The Community Authorization Service: status and Future},
  journal = {CoRR},
  year = {2003},
  volume = {cs.SE/0306082},
  bibsource = {DBLP, http://dblp.uni-trier.de},
  ee = {http://arxiv.org/abs/cs.SE/0306082}
}

@PHDTHESIS{phdthesis/petri62,
  author = {C. A. Petri},
  title = {Kommunikation mit Automaten},
  school = {Institut f{\"u}r Instrumentelle Mathematik, Bonn Universit{\"a}t},
  year = {1962}
}

@INPROCEEDINGS{paper1/inproceedings/collaborative,
  author = {Tran Vu Pham and Lydia MS Lau and Peter M Dew and Michael J Pilling},
  title = {{Collaborative e-Science Architecture for Reaction Kinetics Research
	Community}},
  booktitle = {CLADE 2005 on Challenges of Large Applications in Distributed Environments},
  year = {2005},
  month = {13-22~} # mar
}

@MISC{url/ogce,
  author = {The Open Grid Computing Environments Portal and Gateway Toolkit [URL]},
  title = {{http://www.collab-ogce.org /}},
  month = {access on July },
  year = {2008}
}

@ARTICLE{Pot96,
  author = {C. Potter and R. Brady and P. Moran and C. Gregory and B. Carragher
	and N. Kisseberth and J. Lyding and J. Lindquist},
  title = {{EVAC}: a Virtual Environment for Control of Remote Imaging},
  journal = {IEEE Computer Graphics and Applications},
  year = {1996},
  volume = {16},
  pages = {62-66},
  number = {4}
}

@INPROCEEDINGS{Pot94,
  author = {C. Potter and Z. P. Liang and C. Gregory and H. Morris and P. Lauterbur},
  title = {Toward a Neuroscope: a real-time System for the Evaluation of Brain
	Function},
  booktitle = {Proceedings of 1st IEEE International Conference on Image Processing},
  year = {1994},
  pages = {25-29}
}

@ARTICLE{DBLP:journals/jodl/PouchardWB05,
  author = {L. Pouchard and A. Woolf and D. Bernholdt},
  title = {Data {Grid} discovery and Semantic {Web} technologies for the earth
	sciences},
  journal = {Int. J. on Digital Libraries},
  year = {2005},
  volume = {5},
  pages = {72-83},
  number = {2},
  bibsource = {DBLP, http://dblp.uni-trier.de},
  ee = {http://dx.doi.org/10.1007/s00799-004-0085-9}
}

@ARTICLE{DBLP:journals/jsa/QuSN07,
  author = {Y. Qu and J. Soininen and J. Nurmi},
  title = {Static scheduling techniques for dependent tasks on dynamically reconfigurable
	devices},
  journal = {Journal of Systems Architecture},
  year = {2007},
  volume = {53},
  pages = {861-876},
  number = {11},
  bibsource = {DBLP, http://dblp.uni-trier.de},
  ee = {http://dx.doi.org/10.1016/j.sysarc.2007.02.004}
}

@INPROCEEDINGS{DBLP:conf/sc/RamakrishnanIGYIC06,
  author = {L. Ramakrishnan and D. E. Irwin and L. E. Grit and A. R. Yumerefendi
	and A. Iamnitchi and J. S. Chase},
  title = { {Grid} allocation and reservation -- Toward a doctrine of containment:
	{Grid} hosting with adaptive resource control},
  booktitle = {Proceedings of the ACM/IEEE International Conference on SuperComputing
	},
  year = {2006}
}

@INPROCEEDINGS{conf/RobinI00,
  author = {J. Robin and C. Irvine},
  title = {Analysis of the {Intel} Pentium's Ability to Support a Secure Virtual
	Machine Monitor},
  booktitle = {Proceedings of the 9th USENIX Security Symposium},
  year = {2000},
  pages = {129-144},
  address = {Denver, Colorado, USA.},
  month = {Aug.}
}

@ARTICLE{DBLP:journals/cluster/RussellADFSNSL02,
  author = {M. Russell and G. Allen and G. Daues and I. Foster and E.Seidel and
	J. Novotny and J. Shalf and G. v. Laszewski},
  title = {The Astrophysics Simulation Collaboratory: a Science Portal Enabling
	Community Software Development},
  journal = {Cluster Computing},
  year = {2002},
  volume = {5},
  pages = {297-304},
  number = {3},
  bibsource = {DBLP, http://dblp.uni-trier.de}
}

@ARTICLE{DBLP:journals/computer/RuthJXG05,
  author = {P. Ruth and X. Jiang and D. Xu and S. Goasguen},
  title = {Virtual Distributed Environments in a Shared Infrastructure},
  journal = {IEEE Computer},
  year = {2005},
  volume = {38},
  pages = {63-69},
  number = {5},
  bibsource = {DBLP, http://dblp.uni-trier.de},
  ee = {http://doi.ieeecomputersociety.org/10.1109/MC.2005.175}
}

@BOOK{534475,
  title = {Partitioning and scheduling parallel programs for multiprocessors},
  publisher = {MIT Press},
  year = {1989},
  author = {V. Sarkar},
  address = {Cambridge, MA, USA},
  isbn = {0262691302}
}

@ARTICLE{DBLP:journals/ibmsj/SeawrightM79,
  author = {L. Seawright and R. MacKinnon},
  title = {{VM}/370 -- A Study of Multiplicity and Usefulness},
  journal = {IBM Systems Journal},
  year = {1979},
  volume = {18},
  pages = {4-17},
  number = {1},
  bibsource = {DBLP, http://dblp.uni-trier.de}
}

@ARTICLE{DBLP:journals/siamcomp/Sethi76,
  author = {R. Sethi},
  title = {Scheduling Graphs on Two Processors},
  journal = {SIAM J. Comput.},
  year = {1976},
  volume = {5},
  pages = {73-82},
  number = {1},
  bibsource = {DBLP, http://dblp.uni-trier.de}
}

@ARTICLE{DBLP:journals/jpdc/ShiraziWP90,
  author = {B. Shirazi and M. Wang and G. Pathak},
  title = {Analysis and Evaluation of Heuristic Methods for Static Task Scheduling},
  journal = {J. Parallel Distrib. Comput.},
  year = {1990},
  volume = {10},
  pages = {222-232},
  number = {3},
  bibsource = {DBLP, http://dblp.uni-trier.de}
}

@TECHREPORT{report/virtuoso,
  author = {A. Shoykhet and J. Lange and P. Dinda},
  title = {Virtuoso: a System For Virtual Machine Marketplaces},
  institution = {Northwest University},
  year = {2004},
  number = {NWU-CS-04-39},
  month = {July}
}

@ARTICLE{article/SimpsonMS,
  author = {J. J. Simpson and T. J. McIntire and M. Sienko},
  title = {An improved hybrid clustering algorithm for natural scenes},
  journal = {IEEE Transactions on Geocsience and Remote Sensing},
  year = {2000},
  volume = {38},
  pages = {1016-1032},
  number = {2},
  month = {Mar. }
}

@ARTICLE{DBLP:journals/cacm/SmarrC92,
  author = {L. Smarr and C. E. Catlett},
  title = {Metacomputing},
  journal = {Commun. ACM},
  year = {1992},
  volume = {35},
  pages = {44-52},
  number = {6},
  bibsource = {DBLP, http://dblp.uni-trier.de}
}

@BOOK{book/virtualmachineSmithN03,
  title = {Virtual machines: versatile platforms for systems and processes },
  publisher = {The Morgan Kaufmann },
  year = {2003},
  author = {J. Smith and R. Nair}
}

@ARTICLE{article/SmithW,
  author = {T. Smith. and T. Waterman },
  title = {Identification of Common Molecular Subsequences},
  journal = {Journal of Molecular Biology },
  year = {1981},
  volume = {147},
  pages = {195-197}
}

@TECHREPORT{report/cmkin,
  author = {CERN CMS Software and Computing Group},
  title = {{CMKIN} User Guide},
  institution = {CMS Internal Note, CMS-IN 2004/052Z},
  year = {2004}
}

@TECHREPORT{report/orca,
  author = {CERN CMS Software and Computing Group },
  title = {Object Oriented Reconstruction for {CMS} Analysis},
  institution = {CMS Internal Note, CMS-IN 1999/001},
  year = {1999}
}

@UNPUBLISHED{Fiuczynski07,
  author = {S. Soltesz and M. E. Fiuczynski and L. Peterson and M. McCabe and
	J. Matthews},
  title = {Virtual Doppelganger: on the Performance, Isolation, and Scalability
	of {Para- and Paene-} Virtualized Systems},
  note = {available from http://www.cs.princeton.edu/{$\sim$}mef/research/paenevirtualization.pdf},
  month = {Nov.},
  year = {2005}
}

@ARTICLE{strazdins06,
  author = {P. Strazdins and R. Alexander and D. Barr},
  title = {Performance Enhancement of {SMP} Clusters with Multiple Network Interfaces
	Using Virtualization},
  journal = {Proceeding of Workshop on XEN in HPC Cluster and Grid Computing Environments
	(XHPC), LNCS},
  year = {2006},
  volume = {4331},
  pages = {45-463},
  address = {Italy},
  publisher = {Springer-Verlag}
}

@MISC{url/gridsam,
  author = {GridSAM: Grid Job Submission and Monitoring Web Service [URL]},
  title = {http://gridsam.sourceforge.net/},
  month = {access on Nov.},
  year = {2007}
}

@ARTICLE{DBLP:journals/fgcs/SudholtBAEGKN05,
  author = {W. Sudholt and K. Baldridge and D. Abramson and C. Enticott and S.
	Garic and C. Kondric and D. Nguyen},
  title = {Application of Grid computing to parameter sweeps and optimizations
	in molecular modeling},
  journal = {Future Generation Comp. Syst.},
  year = {2005},
  volume = {21},
  pages = {27-35},
  number = {1},
  bibsource = {DBLP, http://dblp.uni-trier.de},
  ee = {http://dx.doi.org/10.1016/j.future.2004.09.010}
}

@MISC{sun,
  author = {{SUN Microsystems}},
  title = {{UltraSPARC T2 Processor}},
  note = {http://www.sun.com/processors/UltraSPARC-T2/}
}

@INPROCEEDINGS{DBLP:conf/jvm/SundararajD04,
  author = {A. I. Sundararaj and P. A. Dinda},
  title = {Towards Virtual Networks for Virtual Machine {Grid} Computing},
  booktitle = {Proceedings of the 3rd Virtual Machine Research and Technology Symposium},
  year = {2004},
  pages = {177-190},
  bibsource = {DBLP, http://dblp.uni-trier.de},
  ee = {http://www.usenix.org/publications/library/proceedings/vm04/tech/sundararaj.html}
}

@ARTICLE{cell2,
  author = {O. Takahashi and S. Cottier and S.H. Dhong and B. Flachs and J. Silberman},
  title = {{Power-Conscious Design of the Cell Processor's Synergistic Processor
	Element}},
  journal = {IEEE Micro},
  year = {2005},
  volume = {25},
  pages = {10-18},
  number = {5}
}

@ARTICLE{DBLP:journals/jpdc/TalbiZ06,
  author = {E. G. Talbi and A. Y. Zomaya},
  title = {Grids in bioinformatics and computational biology},
  journal = {J. Parallel Distrib. Comput.},
  year = {2006},
  volume = {66},
  pages = {1481},
  number = {12},
  bibsource = {DBLP, http://dblp.uni-trier.de},
  ee = {http://dx.doi.org/10.1016/j.jpdc.2006.09.001}
}

@INPROCEEDINGS{DBLP:conf/grid/TanakaTNS04,
  author = {Y. Tanaka and H. Takemiya and H. Nakada and S. Sekiguchi},
  title = {Design, Implementation and Performance Evaluation of {GridRPC} Programming
	Middleware for a Large-Scale Computational {Grid} },
  booktitle = {Proceedings of the 5th International Workshop on Grid Computing},
  year = {2004},
  pages = {298-305},
  bibsource = {DBLP, http://dblp.uni-trier.de},
  ee = {http://doi.ieeecomputersociety.org/10.1109/GRID.2004.20}
}

@ARTICLE{titech06,
  author = {M. Tatezono and N. Maruyama and S.Matsuoka},
  title = {Making Wide-Area, Multi-Site {MPI} Feasible Using {Xen} VM},
  journal = {Proceeding of Workshop on XEN in HPC Cluster and Grid Computing Environments
	(XHPC), LNCS},
  year = {2006},
  volume = {4331},
  pages = {387-396},
  address = {Italy},
  publisher = {Springer-Verlag}
}

@ARTICLE{DBLP:journals/grid/TaylorSWH05,
  author = {I. Taylor and M. Shields and I. Wang and A. Harrison},
  title = {Visual {Grid} Workflow in {Triana}},
  journal = {J. Grid Comput.},
  year = {2005},
  volume = {3},
  pages = {153-169},
  number = {3-4},
  bibsource = {DBLP, http://dblp.uni-trier.de},
  ee = {http://dx.doi.org/10.1007/s10723-005-9007-3}
}

@INPROCEEDINGS{DBLP:conf/ipps/TaylorSWP03,
  author = {I. J. Taylor and M. S. Shields and I. Wang and R. Philp},
  title = {Distributed {P2P} Computing within {Triana}: a Galaxy Visualization
	Test Case},
  booktitle = {Proceedings of the 17th International Parallel and Distributed Processing
	Symposium },
  year = {2003},
  pages = {16},
  bibsource = {DBLP, http://dblp.uni-trier.de},
  ee = {http://csdl.computer.org/comp/proceedings/ipdps/2003/1926/00/19260016aabs.htm}
}

@INPROCEEDINGS{DBLP:conf/iccS/Tirado-RamosZZSAB03,
  author = {A. Tirado-Ramos and K. Zajac and Z. Zhao and P. M. A. Sloot and G.
	D. v. Albada and M. Bubak},
  title = {Experimental {Grid} Access for Dynamic Discovery and Data Transfer
	in Distributed Interactive Simulation Systems},
  booktitle = {Proceeding of the International Conference on Computational Science},
  year = {2003},
  pages = {284-294},
  bibsource = {DBLP, http://dblp.uni-trier.de},
  ee = {http://link.springer.de/link/service/series/0558/bibs/2657/26570284.htm}
}

@ARTICLE{travostino06,
  author = {F. Travostino and P. Daspit and L. Gommans and C. Jog and C. de Laat
	and J. Mambretti and I. Monga and B. van Oudenaarde and S. Raghunath
	and P. Wang},
  title = {Seamless Live Migration of Virtual Machines over the {MAN/WAN}},
  journal = {Future Generations Computer Systems},
  year = {2006},
  volume = {22},
  pages = {901-907},
  publisher = {Elsevier}
}

@TECHREPORT{report/GGF/TueckeCF03,
  author = {S. Tuecke and K. Czajkowski and I. Foster and J. Frey and S. Graham
	and C. Kesselman and T. Maguire and T. Sandholm and P. Vanderbilt
	and D. Snelling},
  title = {The {Open Grid Services Infrastructure (OGSI)}, Version 1.0},
  institution = {Global Grid Forum},
  year = {2003},
  month = {June}
}

@INPROCEEDINGS{Wang02,
  author = {L. Wang and W. Cai and B. Lee and B. Schmidt and W. Jie},
  title = {Biogrid Computing -- Parallel Computing for Protein Alignment Analysis},
  booktitle = {Proceedings of 6th International Conference on High Performance Computing
	in Asia Pacific Region},
  year = {2002}
}

@INBOOK{bookchapter/wang06,
  chapter = {in Grid technologies: emerging from distributed architectures to
	virtual organizations},
  title = {State of the arts: workflow system for {Grid} computing},
  publisher = {WIT press},
  year = {2006},
  author = {L. Wang and W. Jie and H. Zhu},
  edition = {{M. Bekakos and A. A. Gravvanis and H. R. Arabnia}}
}

@INPROCEEDINGS{conf/xhpc07/WangK,
  author = {L. Wang and M. Kunze},
  title = {Information Service of Virtual Machine Pool for {Grid} Computing},
  booktitle = {Proceedings of the Euro-Par 2007 Workshops: Parallel Processing},
  year = {2007},
  pages = {174-184},
  bibsource = {DBLP, http://dblp.uni-trier.de},
  ee = {http://dx.doi.org/10.1007/978-0-387-73025-7_19}
}

@INPROCEEDINGS{DBLP:conf/gcc/WangK07,
  author = {L. Wang and M. Kunze},
  title = {Organization of {CMS benchmarks in VDS} Workflow on Virtual Machines},
  booktitle = {Proceedings of the 6th International Conference on Grid and Cooperative
	Computing},
  year = {2007},
  pages = {749-756},
  bibsource = {DBLP, http://dblp.uni-trier.de},
  ee = {http://doi.ieeecomputersociety.org/10.1109/GCC.2007.92}
}

@INPROCEEDINGS{1170648,
  author = {L. Wang and M. Kunze},
  title = {On the Design of Virtual Environment Based Workflow System for Grid
	Computing},
  booktitle = {Proceedings of the Fifth International Conference on Grid and Cooperative
	Computing Workshops},
  year = {2006},
  pages = {212--218},
  address = {Washington, DC, USA},
  publisher = {IEEE Computer Society},
  doi = {http://dx.doi.org/10.1109/GCCW.2006.67},
  isbn = {0-7695-2695-0}
}

@INPROCEEDINGS{conf/wage/WangK08,
  author = {L. Wang and M. Kunze and E. Kwemou and J. Tao and D. Kramer and W.
	Karl },
  title = {{On demand build a virtual {e-Science} workflow}},
  booktitle = {Proceedings of the 3rd International Conference on Grid and Pervasive
	Computing},
  year = {2008},
  pages = {93-98}
}

@INPROCEEDINGS{conf/adip/WangKT08,
  author = {L. Wang and M. Kunze and J. Tao},
  title = {Scientific cloud computing: early definition and experience},
  booktitle = {Proceedings of the IEEE International Conference on High Performance
	Computing and Communications },
  year = {2008},
  pages = {795-803},
  address = {Dalian, China.},
  month = {Sep.}
}

@ARTICLE{DBLP:journals/concurrency/WangKT08,
  author = {L. Wang and M. Kunze and J. Tao},
  title = {Performance evaluation of virtual machine-based Grid workflow system},
  journal = {Concurrency and Computation: Practice and Experience},
  year = {2008},
  volume = {20},
  pages = {1759-1771},
  number = {15},
  bibsource = {DBLP, http://dblp.uni-trier.de},
  ee = {http://dx.doi.org/10.1002/cpe.1328}
}

@INPROCEEDINGS{1381366,
  author = {L. Wang and E. Kwemou and J. Tao and M. Kunze and D. Kramer and W.
	Karl},
  title = {On-Demand Build a Virtual e-Science Workflow},
  booktitle = {Proceedings of the International Conference on Grid and Pervasive
	Computing - Workshops},
  year = {2008},
  pages = {93--98},
  address = {Washington, DC, USA},
  publisher = {IEEE Computer Society},
  doi = {http://dx.doi.org/10.1109/GPC.WORKSHOPS.2008.46},
  isbn = {978-0-7695-3177-9}
}

@ARTICLE{journals/ngc09/Wang09,
  author = {L. Wang and G. von Laszewski and J. Tao and M. Kunze},
  title = {Cloud computing: a Perspective Study},
  journal = {accepted by New Generation Computing},
  year = {accepted},
  volume = {38},
  pages = {63-69},
  number = {5}
}

@INPROCEEDINGS{conf/cloud09/wang09,
  author = {L. Wang and G. von Laszewski and Jie Tao and M. Kunze},
  title = {A Cumulus project: design and implementation},
  booktitle = {Proceedings of the International workshop on Cloud Computing},
  year = {2009},
  pages = { }
}

@INPROCEEDINGS{conf/hpcc08/Wang08,
  author = {L. Wang and J. Tao and Kunze, M. and Castellanos, A.C. and Kramer,
	D. and Karl, W.},
  title = {Scientific Cloud Computing: Early Definition and Experience},
  booktitle = {Proceedings of the 10th IEEE International Conference on High Performance
	Computing and Communications},
  year = {2008},
  pages = {825-830},
  month = {September},
  doi = {10.1109/HPCC.2008.38}
}

@ARTICLE{DBLP:journals/ton/WangXBZ04,
  author = {S. Wang and D. Xuan and R. Bettati and W. Zhao},
  title = {Providing absolute differentiated services for real-time applications
	in static-priority scheduling networks},
  journal = {IEEE/ACM Trans. Netw.},
  year = {2004},
  volume = {12},
  pages = {326-339},
  number = {2},
  bibsource = {DBLP, http://dblp.uni-trier.de},
  ee = {http://portal.acm.org/citation.cfm?id=987232.987242}
}

@ARTICLE{DBLP:journals/tc/WangM85,
  author = {Y. Wang and R. J. T. Morris},
  title = {Load Sharing in Distributed Systems},
  journal = {IEEE Trans. Computers},
  year = {1985},
  volume = {34},
  pages = {204-217},
  number = {3},
  bibsource = {DBLP, http://dblp.uni-trier.de}
}

@TECHREPORT{report/fnal-cms1,
  author = {H. Wenzel},
  title = {{Benchmarking AMD Opteron (AMD64) and Interl (EM64T) systems}},
  institution = {CMS Internal Note, CMS-IN 2005/012, CMS Software and Computing Group},
  year = {2005}
}

@TECHREPORT{report/fnal-cms2,
  author = {H. Wenzel and S. Langley},
  title = {{Benchmarking dual-core AMD Opteron (AMD64) systems}},
  institution = {CMS Internal Note, CMS-IN 2005/030, CMS Software and Computing Group},
  year = {2005}
}

@INPROCEEDINGS{DBLP:conf/osdi/WhitakerSG02,
  author = {A. Whitaker and M. Shaw and S. Gribble},
  title = {Scale and Performance in the Denali Isolation Kernel},
  booktitle = {Proceedings of the 5th Symposium on Operating System Design and Implementation},
  year = {2002},
  bibsource = {DBLP, http://dblp.uni-trier.de},
  ee = {http://www.usenix.org/events/osdi02/tech/whitaker.html}
}

@MISC{url/jaxb,
  author = {Java Architecture for XML Binding (JAXB) [URL]},
  title = {\\http://java.sun.com/developer/technicalArticles/WebServices/jaxb/},
  month = {\\access on Jan.},
  year = {2007}
}

@INPROCEEDINGS{DBLP:conf/sigmod/YangDHP07,
  author = {H. Yang and A. Dasdan and R. Hsiao and D. S. Parker Jr.},
  title = {Map-reduce-merge: simplified relational data processing on large
	clusters},
  booktitle = {Proceedings of the ACM SIGMOD International Conference on Management
	of Data},
  year = {2007},
  pages = {1029-1040},
  bibsource = {DBLP, http://dblp.uni-trier.de},
  ee = {http://doi.acm.org/10.1145/1247480.1247602}
}

@ARTICLE{DBLP:journals/jpdc/ZhangFS07,
  author = {X. Zhang and J. Freschl and J. Schopf},
  title = {Scalability analysis of three monitoring and information systems:
	{MDS2, R-GMA, and Hawkeye}},
  journal = {J. Parallel Distrib. Comput.},
  year = {2007},
  volume = {67},
  pages = {883-902},
  number = {8},
  bibsource = {DBLP, http://dblp.uni-trier.de},
  ee = {http://dx.doi.org/10.1016/j.jpdc.2007.03.006}
}

@PROCEEDINGS{DBLP:conf/gccb/2006,
  title = {International Workshop on Distributed, High-Performance and Grid
	Computing in Computational Biology},
  year = {2007},
  editor = {W. Dubitzky and A. Schuster and P. M. A. Sloot and M. Schroeder and
	M. Romberg},
  volume = {4360},
  series = {Lecture Notes in Computer Science},
  publisher = {Springer},
  bibsource = {DBLP, http://dblp.uni-trier.de},
  booktitle = {GCCB},
  isbn = {3-540-69841-8}
}

@BOOK{book/583069,
  title = {Scheduling and load balancing in parallel and distributed systems},
  publisher = {IEEE Computer Society Press},
  year = {1995},
  editor = {B. A. Shirazi and K. M. Kavi and A. R. Hurson},
  address = {Los Alamitos, CA, USA},
  isbn = {0818665874}
}

@MISC{www-cmt,
  title = {{CMT: Computed Micretomography}},
  key = {cmt},
  url = {http://www-fp.mcs.anl.gov/xray-cmt/}
}

@MISC{www-egee,
  title = {{EGEE: Enabling Grids for E-Science}},
  key = {egee},
  url = {http://public.eu-egee.org/}
}

@MISC{www-glite,
  title = {{gLite}},
  key = {glite},
  url = {http://glite.web.cern.ch/glite/ }
}

@MISC{www-globus,
  title = {{Globus Toolkit}},
  key = {globus},
  url = {http://www.globus.org/toolkit/}
}

@MISC{www-osg,
  title = {{OSG: Open Science Grid}},
  key = {osg},
  url = {http://www.opensciencegrid.org/}
}

@MISC{www-sakai,
  title = {{Sakai}},
  key = {sakai},
  url = {https://collab.sakaiproject.org/portal/}
}

@MISC{www-teragrid,
  title = {{Teragrid project}},
  key = {teragrid},
  url = {http://www.teragrid.org/}
}

@MISC{www-unicore,
  title = {{Unicore project}},
  key = {unicore},
  url = {http://www.unicore.org/}
}
@PROCEEDINGS{DBLP:conf/gccb/2006,
  title = {International Workshop on Distributed, High-Performance and Grid
	Computing in Computational Biology},
  year = {2007},
  editor = {W. Dubitzky and A. Schuster and P. M. A. Sloot and M. Schroeder and
	M. Romberg},
  volume = {4360},
  series = {Lecture Notes in Computer Science},
  publisher = {Springer},
  bibsource = {DBLP, http://dblp.uni-trier.de},
  booktitle = {GCCB},
  isbn = {3-540-69841-8}
}
@MISC{www-network,
  title = {{Network Theory}},
  key = {unicore},
  url = {http://en.wikipedia.org/wiki/Network_theory}
}
@ INPROCEEDINGS{wu2008topology,
  booktitle = {International Conference on Computer Science and Software Engineering},
  year = {2008},
  title={{The Topology and Motif Analysis of Journal Citation Networks}},
  author={Wu, W. and Han, Y. and Li, D.}
}
@article{batagelj1998pajek,
  title={{Pajek-program for large network analysis}},
  author={Batagelj, V. and Mrvar, A.},
  journal={Connections},
  volume={21},
  number={2},
  pages={47--57},
  year={1998},
  publisher={Citeseer}
}
@article{batagelj2002pajek,
  title={{Pajek-analysis and visualization of large networks}},
  author={Batagelj, V. and Mrvar, A.},
  journal={Lecture notes in computer science},
  pages={477--478},
  year={2002},
  publisher={Springer}
}
@ARTICLE{Foster01theanatomy,
    author = {Ian Foster},
    title = {The Anatomy of the Grid: Enabling Scalable Virtual Organizations},
    journal = {INTERNATIONAL JOURNAL OF SUPERCOMPUTER APPLICATIONS},
    year = {2001},
    volume = {15},
    number = {3},
    pages = {2001}
}
@book{foster2004grid,
  title={{The grid: blueprint for a new computing infrastructure}},
  author={Foster, I. and Kesselman, C.},
  year={2004},
  publisher={Morgan Kaufmann}
}
@INPROCEEDINGS{Foster02thephysiology,
    author = {Ian Foster},
    title = {The physiology of the grid: An open grid services architecture for distributed systems integration},
    year = {2002}
}
@INPROCEEDINGS{Frey01condor,
    author = {James Frey and Todd Tannenbaum and Miron Livny and Ian Foster and Steven Tuecke},
    title = {Condor-G: A Computation Management Agent for Multi-Institutional Grids},
    booktitle = {Cluster Computing},
    year = {2001},
    pages = {237--246}
}
@ INPROCEEDINGS{hung2008small,
  title={{A small world in the patent citation network}},
  author={Hung, S.W. and Wang, A.P.},
  booktitle={IEEE International Conference on Industrial Engineering and Engineering Management, 2008. IEEM 2008},
  pages={1--5},
  year={2008}
}


@MISC{www-graph,
  title = {{Graph Theory}},
  key = {unicore},
  url = {http://en.wikipedia.org/wiki/Graph_theory}
}

@MISC{www-random,
  title = {{Random Graph}},
  key = {unicore},
  url = {http://en.wikipedia.org/wiki/Random_graph}
}

@MISC{www-small,
  title = {{Random Graph}},
  key = {unicore},
  url = {http://en.wikipedia.org/wiki/Small-world_network}
}

@MISC{www-scale,
  title = {{Random Graph}},
  key = {unicore},
  url = {http://en.wikipedia.org/wiki/Scale-free_network}
}

@MISC{www-apl,
  title = {{Average path length}},
  key = {unicore},
  url = {http://en.wikipedia.org/wiki/Average_path_length}
}

@MISC{www-sds,
  title = {{Six Degrees of Separation}},
  key = {unicore},
  url = {http://en.wikipedia.org/wiki/Six_degrees_of_separation}
}

@MISC{www-clustering,
  title = {{Clustering Coefficient}},
  key = {unicore},
  url = {http://en.wikipedia.org/wiki/Clustering_coefficient}
}

@MISC{www-centrality,
  title = {{Centrality}},
  key = {unicore},
  url = {http://en.wikipedia.org/wiki/Centrality}
}

