% This file was created with JabRef 2.5.
% Encoding: ISO8859_1

@MISC{www-rft,
  author = {Bill Allcock and Ravikiran Madduri},
  title = {{Reliable File Transfer Service}},
  url = {http://www-unix.globus.org/ogsa/docs/alpha3/services/reliable_transfer.html}
}

@MISC{www-gridftp-specification,
  author = {W. Allcock and J. Bester and J. Bresnahan and A. Chervenak and L.
	Liming and S. Meder and S. Tuecke},
  title = {{GridFTP Protocol Specification}},
  month = {September},
  year = {2002},
  url = {http://www.globus.org/research/papers/GridftpSpec02.doc}
}

@MISC{www-amazon-ec2,
  author = {Amazon},
  title = {{Elastic Compute Cloud}},
  owner = {gregor},
  timestamp = {2008.08.15},
  url = {http://aws.amazon.com/ec2/}
}

@MISC{www-amazon-s3,
  author = {Amazon},
  title = {{Simple Storage Services}},
  owner = {gregor},
  timestamp = {2008.08.15},
  url = {http://aws.amazon.com/s3/}
}

@MISC{www-wsil,
  author = {Keith Ballinger and Peter Brittenham and Ashok Malhotra and William
	Nagy and Stefan Pharies},
  title = {{Web Services Inspection Language (WS-Inspection) 1.0}},
  month = {November},
  year = {2001},
  key = {wsil},
  url = {http://www-106.ibm.com/developerworks/webservices/library/ws-wsilspec.html}
}

@TECHREPORT{www-w3c-wsa,
  author = {David Booth and Hugo Haas and Francis McCabe and Eric Newcomer and
	Michael Champion and Chris Ferris and David Orchard},
  title = {Web Services Architecture},
  institution = {W3C},
  year = {2003},
  type = {W3C Working Draft},
  month = aug,
  url = {http://www.w3.org/TR/2003/WD-ws-arch-20030808/}
}

@MISC{www-wsdlspec,
  author = {Christensen, E. and Curbera, F. and Meredith, G. and Weerawarana,
	S.},
  title = {{Web Services Description Language}},
  year = {2000},
  key = {web service},
  url = {http://msdn.microsoft.com/xml/general/wsdl.asp}
}

@MISC{www-foster-name,
  author = {Ian Foster},
  title = {Cloud, Grid, what's in a name?},
  howpublished = {Blog},
  url = {http://ianfoster.typepad.com/blog/2008/08/cloud-grid-what.html}
}

@MISC{www-enote,
  author = {Al Geist},
  title = {{Electronic Notebook}},
  owner = {gregor},
  timestamp = {2008.08.15},
  url = {http://www.csm.ornl.gov/~geist/java/applets/enote/}
}

@MISC{www-gwt-security,
  author = {Google},
  title = {{Security for GWT Applications}},
  owner = {mesut},
  timestamp = {2008.05.03},
  url = {http://groups.google.com/group/Google-Web-Toolkit/web/security-for-gwt-applications}
}

@MISC{www-gwt-docs,
  author = {Google},
  title = {{Google Web Toolkit (GWT) Documentation}},
  year = {2005},
  owner = {mesut},
  timestamp = {2008.05.20},
  url = {http://code.google.com/webtoolkit/documentation}
}

@MISC{www-gridpedia-sla,
  author = {Gridpedia},
  title = {{Service Level Agreements}},
  url = {http://www.gridipedia.eu/sla-article.html}
}

@MISC{www-mpichg2,
  author = {Nick Karonis},
  title = {{MPICH-G2 Web Page}},
  year = {2001},
  url = {http://www.hpclab.niu.edu/mpi/}
}

@MISC{www-griddb,
  author = {D.T. Liu and M.J. Franklin and D. Parekh},
  title = {{GridDB: A Relational Interface for the Grid}},
  url = {http://db.cs.berkeley.edu/griddb/}
}

@MISC{www-gt4-dev-guide,
  author = {Martin, S.},
  title = {{WS GRAM: Developer's Guide}},
  owner = {ajy4490},
  timestamp = {2008.04.12},
  url = {http://www-unix.globus.org/toolkit/docs/3.2/gram/ws/developer/GT_3_2_GRAM.pdf}
}

@MISC{www-ms-project,
  author = {Microsoft},
  title = {{Project 2007}},
  owner = {gregor},
  timestamp = {2008.09.14},
  url = {http://office.microsoft.com/project}
}

@MISC{www-mspdi,
  author = {Microsoft},
  title = {{Project XML Data Interchange Schema Reference}},
  howpublished = {Web Page},
  owner = {Leor},
  timestamp = {2009.09.22},
  url = {http://msdn.microsoft.com/en-us/library/bb968733.aspx}
}

@MISC{www-gpdk,
  author = {J. Novotny},
  title = {{The Grid Portal Development Kit}},
  year = {2001},
  oldlabels = {gpdk},
  url = {http://dast.nlanr.net/Projects/GridPortal/}
}

@MISC{www-rrd,
  author = {Tobias Oetiker and Jake Brutlag and Alex van den Bogaerdt},
  title = {{RRDtool: logging and graphing}},
  year = {2005},
  url = {http://people.ee.ethz.ch/~oetiker/webtools/rrdtool/index.en.html}
}

@MISC{www-tomcat,
  author = {Apache Jakarta Project},
  title = {{Apache Tomcat}},
  url = {http://jakarta.apache.org/tomcat/}
}

@MISC{www-soapintro,
  author = {J. Scheinblum },
  title = {{An introduction to SOAP}},
  year = {2001},
  url = {http://builder.cnet.com/webbuilding/0-7704-8-4874769-1.html}
}

@MISC{www-sla-soi,
  author = {SOI},
  title = {{Service Level Agreements}},
  url = {http://sla-at-soi.eu/}
}

@MISC{www-jsp,
  author = {{Sun Microsystems Inc.}},
  title = {{Java Server Pages}},
  url = {http://java.sun.com/products/jsp}
}

@MISC{www-monalisa,
  author = {Mihaela Toarta and Corina Stratan and Catalin Cirstoiu and Costin
	Grigoras and Ramiro Voicu and Lucian Musat and Adrian Muraru and
	Alexandru Costan and Iosif Legrand},
  title = {{MonALISA}},
  year = {2005},
  url = {http://monalisa.cacr.caltech.edu/}
}

@MISC{www-vmr,
  author = {John Towns},
  title = {{The Alliance Virtual Machine Room}},
  year = {2001},
  key = {vmr},
  url = {http://archive.ncsa.uiuc.edu/SCD/Alliance/VMR/}
}

@MISC{www-castor,
  author = {Keith Visco and Assaf Arkin},
  title = {{The Castor Project}},
  url = {http://castor.exolab.org/}
}

@MISC{www-semanticweba,
  author = {W3C},
  title = {{Semantic Web}},
  year = {2001},
  key = {semantic},
  url = {http://www.w3.org/2001/sw/}
}

@MISC{www-2008-pm-review,
  title = {{Project Management Software Review 2008}},
  howpublished = {Web Page},
  owner = {Leor},
  timestamp = {2008.10.11},
  url = {http://project-management-software-review.toptenreviews.com/}
}

@MISC{www-accessgrid,
  title = {{The Access Grid}},
  key = {accessgrid},
  url = {http://www-fp.mcs.anl.gov/fl/accessgrid/}
}

@MISC{www-acquiring-certs,
  title = {{Globus: Acquiring User and Host GSI Certificates}},
  key = {globus},
  url = {http://www.globus.org/security/v1.1/certs.html}
}

@MISC{www-activecollab,
  title = {{activeCollab}},
  keywords = {project, workflow},
  oldlabel = {activecollab},
  owner = {Leor},
  timestamp = {2008.08.18}
}

@MISC{www-ant,
  title = {{Ant -- a Java-based Build Tool}},
  key = {ANT},
  url = {http://ant.apache.org}
}

@MISC{www-apache,
  title = {{The Apache Software Foundation}},
  key = {apache},
  url = {http://www.apache.org}
}

@MISC{www-apache-cli,
  title = {{Apache Commons CLI}},
  howpublished = {Vesrion 1.1},
  owner = {gregor},
  timestamp = {2008.10.05},
  url = {http://commons.apache.org/cli/introduction.html}
}

@MISC{www-arecibo,
  title = {{Arecibo Observatory: National Observatory and Ionosphere Center}},
  key = {arecibo},
  url = {http://www.naic.edu/}
}

@MISC{www-artemis,
  title = {{Artemis}},
  keywords = {project, workflow},
  oldlabel = {artemis},
  owner = {Leor},
  status = {incomplete},
  timestamp = {2008.08.18}
}

@MISC{www-askalon,
  title = {{Askalon Programming Environment for Grid Computing}},
  key = {askalon},
  url = {http://www.dps.uibk.ac.at/projects/askalon/}
}

@MISC{www-at-task,
  title = {@task},
  comment = {http://www.attask.com/services/developer-center - has a very righ
	web API set. Can be accessed via soap, J2EE and Flash remoting technologies.
	Outlook integraqtion.},
  keywords = {project, workflow},
  owner = {Leor},
  timestamp = {2008.08.16}
}

@MISC{www-axis,
  title = {{Apache Axis}},
  key = {Axis},
  url = {http://xml.apache.org/axis/}
}

@MISC{www-basecamp,
  title = {{Basecamp}},
  keywords = {project, workflow},
  oldlabel = {basecamp},
  owner = {Leor},
  status = {incomplete},
  timestamp = {2008.08.16},
  url = {/www.basecamphq.com}
}

@MISC{www-bgl,
  title = {{Argonne National Laboratory BG/L System}},
  key = {bgl},
  url = {http://www.bgl.mcs.anl.gov/}
}

@MISC{www-bigbrother,
  title = {{Big Brother}},
  key = {Big Brother},
  owner = {gregor},
  status = {unchecked},
  url = {http://www.bb4.com/bb/}
}

@MISC{www-bitkeeper,
  title = {{Bitkeeper}},
  key = {Bitkeeper},
  url = {http://www.bitkeeper.com/}
}

@MISC{www-bitTorrent,
  title = {{BitTorrent}},
  key = {bittorrent},
  url = {http://www.bittorrent.com}
}

@MISC{www-boinc,
  title = {{Berkeley Open Infrastructure for Network Computing}},
  key = {BOINC},
  url = {http://boinc.berkeley.edu/}
}

@MISC{www-bpel4ws,
  title = {{BPEL4WS: Business Process Execution Language for Web Services Version
	1.0}},
  key = {BPEL4WS},
  url = {http://www-106.ibm.com/developerworks/webservices/library/ws-bpel}
}

@MISC{www-CACR,
  title = {{CACR: Large-Scale Scientific and Engineering Applications.}},
  key = {CACR},
  url = {http://http://www.cacr.caltech.edu/About/science.html/}
}

@MISC{www-cardinis,
  title = {{Cardinis}},
  keywords = {project, workflow},
  oldlabel = {cardinis},
  owner = {Leor},
  status = {incomplete},
  timestamp = {2008.08.18}
}

@MISC{www-cca,
  title = {{Common Component Architecture}},
  key = {cca},
  url = {http://www.cca-forum.org}
}

@MISC{www-chef-project,
  title = {{CompreHensive collaborativE Framework (Chef)}},
  key = {CHEF},
  url = {www.chefproject.org/}
}

@MISC{www-chimera,
  title = {{The Chimera Virtual Data Systsm}},
  key = {Chimera},
  url = {http://www.griphyn.org/chimera/}
}

@MISC{www-clarity,
  title = {{Clarity}},
  keywords = {project, workflow},
  oldlabel = {clarity},
  owner = {Leor},
  status = {incomplete},
  timestamp = {2008.08.18}
}

@MISC{www-clarizen,
  title = {{Clarizen}},
  keywords = {project, workflow},
  oldlabel = {clarizen},
  owner = {Leor},
  status = {incomplete},
  timestamp = {2008.08.18}
}

@MISC{www-cmcs,
  title = {{Collaboratory for Multi-scale Chemical Sciences (CMCS)}},
  key = {CMCS},
  url = {http://cmcs.ca.sandia.gov/}
}

@MISC{www-cnet,
  title = {{C|net}},
  key = {cnet},
  url = {http://www.cnet.com/}
}

@MISC{www-cobalt,
  title = {{Cobalt: System Software for Parallel Machines}},
  key = {cobalt},
  url = {http://www-unix.mcs.anl.gov/cobalt/}
}

@MISC{www-cobaltpresentation,
  title = {{Cobalt: An Open Source Platform for HPC System Software Research}},
  key = {cobaltpresentation},
  url = {http://www-unix.mcs.anl.gov/cobalt/Cobalt-epcc-10-05.pdf}
}

@MISC{www-codeorganizer,
  title = {{CodeOrganizer.com: Software Tools for Code Development}},
  key = {Google},
  url = {http://www.codeorganizer.com/index.htm}
}

@MISC{www-cog,
  title = {{The Commodity Grid (CoG) Project}},
  key = {Commodity Grid},
  url = {http://www.cogkit.org}
}

@MISC{www-cog-docs,
  title = {{Java CoG Kit Documentation}},
  key = {cog-docs},
  url = {http://wiki.cogkit.org/index.php/Java_CoG_Kit_Documentation}
}

@MISC{www-cog-webstart,
  title = {{The Java CoG Kit Web Start Components}},
  key = {Java CoG Kit Webstart},
  url = {http://www.globus.org/cog/demo}
}

@MISC{www-cog-workflow,
  title = {{Java CoG Kit Karajan Workflow Reference Manual}},
  key = {cog-workflow},
  url = {http://wiki.cogkit.org/index.php/Java_CoG_Kit_Karajan_Workflow_Reference_Manual}
}

@MISC{www-cogkit-org,
  title = {{Java Commodity Grid (CoG) Kit}},
  key = {Java Commodity Grid (CoG) Kit},
  oldlabels = {javacog},
  url = {http://www.cogkit.org}
}

@MISC{www-cogkits,
  title = {{Commodity Grid Kits}},
  key = {Commodity Grid},
  url = {http://www.cogkits.org}
}

@MISC{www-condor,
  title = {{Condor: High Throughput Computing}},
  key = {condor},
  url = {http://www.cs.wisc.edu/condor/}
}

@MISC{www-condor-hawkeye,
  title = {{Hawkeye: A Monitoring and Management Tool for Distributed Systems}},
  key = {Condor Hawkey},
  owner = {gregor},
  status = {unchecked},
  url = {http://www.cs.wisc.edu/condor/hawkeye/}
}

@MISC{www-cpan,
  title = {{Comprehensive Perl Archive Network}},
  key = {Comprehensive Perl Archive Network},
  url = {http://www.ptan.org}
}

@MISC{www-ctan,
  title = {{Comprehensive \TeX Archive Network}},
  key = {Comprehensive \TeX Archive Network},
  url = {http://www.ctan.org}
}

@MISC{www-cvs,
  title = {{CVS - Concurrent Version System}},
  key = {CVS},
  url = {http://www.gnu.org/software/cvs/}
}

@MISC{www-cvs-cogkit,
  title = {{The Java CoG Kit Source Code}},
  key = {cogkit},
  url = {cvs.cogkit.org}
}

@MISC{www-d-grid,
  title = {{German D-Grid Initiative Announcement}},
  key = {d-grid},
  url = {http://www.gridtoday.com/04/0315/102836.html}
}

@MISC{www-dagman,
  title = {{DAGMan (Directed Acyclic Graph Manager)}},
  key = {DAGMAN},
  url = {http://www.cs.wisc.edu/condor/dagman/}
}

@MISC{www-daptiv,
  title = {{Daptiv}},
  keywords = {project, workflow},
  oldlabel = {daptiv},
  owner = {Leor},
  status = {incomplete},
  timestamp = {2008.08.18}
}

@MISC{www-derby,
  title = {{Apache Derby}},
  key = {Derby},
  url = {http://db.apache.org/derby/}
}

@MISC{www-distributed.net,
  title = {{Distributed.net}},
  key = {distributed.net},
  url = {http://www.distributed.net/}
}

@MISC{www-doegrid,
  title = {{DOEGrids Certificate Service}},
  key = {DOEGrid},
  url = {http://www.doegrids.org/}
}

@MISC{www-doesciencegrid,
  title = {{Doe Science Grid}},
  key = {doesciencegrid},
  url = {http://www.doesciencegrid.org/}
}

@MISC{www-dotnet,
  title = {{The Microsoft .NET Framework}},
  comment = {www.bib},
  key = {DOTNET},
  owner = {gregor},
  status = {unchecked},
  url = {http://www.microsoft.com/net}
}

@MISC{www-dotproject,
  title = {{dotProject}},
  keywords = {project, workflow},
  oldlabel = {dotproject},
  owner = {Leor},
  status = {incomplete},
  timestamp = {2008.08.18}
}

@MISC{www-dsniff,
  title = {{Dsniff: A Tool for Penetration Testing}},
  key = {DNSNIFF-Webpage},
  url = {http://naughty.monkey.org/~dugsong/dsniff/}
}

@MISC{www-eastmansoftware,
  title = {{Eastman Software}},
  key = {eastmansoftware},
  url = {http://www.eastmansoftware.com}
}

@MISC{www-eclipse,
  title = {{Eclipse: An Open and Extensible IDE}},
  key = {Eclipse},
  url = {http://www.eclipse.org}
}

@MISC{www-egee,
  title = {{EGEE: Enabling Grids for E-Science}},
  key = {egee},
  url = {http://public.eu-egee.org/}
}

@MISC{www-enterplicity,
  title = {{EnterPlicity}},
  keywords = {project, workflow},
  oldlabel = {enterplicity},
  owner = {Leor},
  status = {incomplete},
  timestamp = {2008.08.18}
}

@MISC{www-epanet,
  title = {{Drinking Water Research}},
  owner = {Leor},
  timestamp = {2009.08.02},
  url = {http://www.epa.gov/nrmrl/wswrd/dw/epanet.html}
}

@MISC{www-facebook,
  title = {{Facebook}},
  owner = {gregor},
  timestamp = {2008.08.15},
  url = {http://www.facebook.com}
}

@MISC{www-fafner,
  title = {{FAFNER}},
  key = {Fafner},
  url = {http://www.npac.syr.edu/factoring.html}
}

@MISC{www-fightaidsathome,
  title = {{FightAIDS@Home}},
  key = {FightAids},
  url = {http://fightaidsathome.scripps.edu/}
}

@MISC{www-foldingathome,
  title = {{Folding@Home Distributed Computing}},
  key = {folding},
  url = {http://www.stanford.edu/group/pandegroup/folding/}
}

@MISC{www-ganglia,
  title = {{Ganglia}},
  key = {Ganglia},
  owner = {gregor},
  status = {unchecked},
  url = {http://ganglia.sourceforge.net/ganglia_docs/ganglia.pdf}
}

@MISC{www-ganttproject,
  title = {{GanttProject}},
  howpublished = {Web Site},
  comment = {GPL, Open Source, Java Based, Desktop Software for Windows, Linux,
	OS X. Works with MS Project based format. Webdav based groupwork.},
  keywords = {project, workflow},
  oldlabel = {ganttproject},
  owner = {Leor},
  status = {incomplete},
  timestamp = {2008.08.16},
  url = {http://en.wikipedia.org/wiki/GanttProject}
}

@MISC{www-gass,
  title = {{Globus Access to Secondary Storage}},
  key = {GASS-Webpage},
  url = {http://www.globus.org/gass/}
}

@MISC{www-gce-wg,
  title = {{Grid Computing Environment Research Group}},
  key = {GCE},
  url = {http://www.computingportals.org/}
}

@MISC{www-ggf,
  title = {{The Global Grid Forum Web Page}},
  key = {GGF},
  url = {http://www.gridforum.org}
}

@MISC{www-ggf-gce,
  title = {{Global Grid Forum Grid Computing Environments Working Group}},
  key = {GCE},
  url = {http://www.computingportals.org}
}

@MISC{www-ggf-rus,
  title = {{OGSA Resource Usage Service (RUS-WG)}},
  key = {RUS-WG},
  url = {https://forge.gridforum.org/projects/rus-wg}
}

@MISC{www-git,
  title = {{git - Global Information Tracker}},
  key = {git},
  url = {http://www.kernel.org/pub/software/scm/cogito/README}
}

@MISC{www-glade,
  title = {{GLADE - user interface builder}},
  key = {GLADE},
  url = {http://glade.gnome.org}
}

@MISC{www-glassfish,
  title = {{Sun Glassfish}},
  key = {glassfish},
  url = {https://glassfish.dev.java.net/}
}

@MISC{www-globus,
  title = {{The Globus Toolkit}},
  key = {Globus Toolkit},
  oldlabels = {GlobusProject},
  url = {http://www.globus.org}
}

@MISC{www-globus-gridftp,
  title = {{The GridFTP Protocol and Software}},
  key = {GridFTP},
  url = {http://www.globus.org/datagrid/gridftp.html}
}

@MISC{www-globus-org-cog,
  title = {{Java CoG Kit}},
  key = {Java CoG Kit},
  oldlabels = {www-javacog},
  url = {http://www.globus.org/cog/}
}

@MISC{www-gmake,
  title = {{GNU make}},
  key = {gmake},
  url = {http://www.gnu.org/software/make/make.html}
}

@MISC{www-gnutella,
  title = {{Gnutella Homepage}},
  key = {gnutella},
  url = {http://www.gnutella.wego.com/}
}

@MISC{www-google,
  title = {{Google}},
  key = {Google},
  url = {http://www.google.com}
}

@MISC{www-googledirectory,
  title = {{Google Directory}},
  keywords = {project, workflow},
  oldlabel = {googledirectory},
  owner = {Leor},
  timestamp = {2008.08.18},
  url = {www.google.com/alpha/Top/Computers/Software/Project_Management/}
}

@MISC{www-gram-job-manager,
  title = {{GRAM Job Manager Reference Manual}},
  key = {Gram-jm}
}

@MISC{www-graphviz,
  title = {{GraphViz: A Graph Vizualization Package}},
  key = {GraphViz},
  url = {http://www.research.att.com/sw/tools/graphviz/}
}

@MISC{www-grappa,
  title = {{Grappa, A Java Graph Package}},
  key = {Grappa},
  url = {http://www.research.att.com/\~john/Grappa/grappa.html}
}

@MISC{www-grid-interactive,
  title = {{The Australian Greenhouse Office: Grid Interactive Systems}},
  key = {grid-interactive},
  url = {http://www.greenhouse.gov.au/renewable/power/grid.html}
}

@MISC{www-grid-market,
  title = {{A Market for Grid Services}},
  key = {gridmarket},
  url = {http://www.lesc.ic.ac.uk/markets/}
}

@MISC{www-grid.org,
  title = {{Grid.org}},
  key = {grid.org},
  url = {http://www.grid.org/}
}

@MISC{www-grid3,
  title = {{Grid3: An Application Grid Laboratory for Science}},
  key = {grid3},
  url = {http://www.ivdgl.org/grid2003/}
}

@MISC{www-gridcafe,
  title = {{GridCafe: The place for everybody to learn about the Grid}},
  key = {gridcafe},
  url = {http://gridcafe.web.cern.ch/gridcafe/}
}

@MISC{www-gridftp,
  title = {{GridFTP}},
  key = {GridFTP-Webpage},
  url = {http://www.globus.org/datagrid/gridftp.html}
}

@MISC{www-grip,
  title = {{Grid Interoperability Project}},
  key = {grip},
  url = {http://www.grid-interoperability.org/}
}

@MISC{www-griphyn,
  title = {{GriPhyN - Grid Physics Network}},
  key = {griphyn},
  url = {http://www.griphyn.org/index.php}
}

@MISC{www-gsi,
  title = {{Grid Security Infrastructure}},
  key = {GSI-Webpage},
  url = {http://www.globus.org/security/}
}

@MISC{www-gt4-gram,
  title = {{GT} 4.0 {WS} {GRAM}},
  owner = {ajy4490},
  timestamp = {2008.04.07},
  url = {http://globus.org/toolkit/docs/4.0/execution/wsgram/}
}

@MISC{www-gt4-pre-ws-gram,
  title = {{GT} 4.0 {P}re {WS} {GRAM}},
  owner = {ajy4490},
  timestamp = {2008.04.07},
  url = {http://globus.org/toolkit/docs/4.0/execution/prewsgram/}
}

@MISC{www-GWForum,
  title = {{Grid Workflow :: Workflow Composition Tools}},
  howpublished = {Web Page},
  owner = {Leor},
  timestamp = {2008.10.15},
  url = {http://www.gridworkflow.org/snips/gridworkflow/space/Workflow+Composition+Tools}
}

@MISC{www-i-flow,
  title = {{I-Flow: Fijitsu}},
  key = {i-flow},
  url = {http://www.i-flow.com}
}

@MISC{www-ibm-grid,
  title = {{IBM Grid Computing}},
  key = {ibm-grid},
  url = {http://www-1.ibm.com/grid/}
}

@MISC{www-inconcert,
  title = {{InConcert: Tibco Software}},
  key = {inconcert},
  url = {http://www.tibco.com}
}

@MISC{www-infogoal,
  title = {{Infogoal}},
  keywords = {project, workflow},
  oldlabel = {infogoal},
  owner = {Leor},
  timestamp = {2008.08.18},
  url = {www.infogoal.com/category.php?n=118&page=1&sort=&direction=}
}

@MISC{www-insight,
  title = {{Project Insight}},
  keywords = {project, workflow},
  oldlabel = {insight},
  owner = {Leor},
  status = {incomplete},
  timestamp = {2008.08.18}
}

@MISC{www-instantbusinessnetwork,
  title = {{InstantBusinessNetwork}},
  keywords = {project, workflow},
  oldlabel = {instantbusinessnetwork},
  owner = {Leor},
  status = {incomplete},
  timestamp = {2008.08.18}
}

@MISC{www-ivdgl,
  title = {{The International Virtual Data Grid Laboratory}},
  key = {ivdgl},
  url = {http://www.ivdgl.org/}
}

@MISC{www-java6,
  title = {{Java 6}},
  key = {java},
  url = {http://java.sun.com/javase/6/}
}

@MISC{www-javabeans,
  title = {{JavaBeans}},
  oldlabels = {javabeans},
  url = {http://java.sun.com/products/javabeans/}
}

@MISC{www-javagrande,
  title = {{Java Grande Forum}},
  key = {{Java Grande Forum}},
  url = {http://www.javagrande.org}
}

@MISC{www-jbuilder,
  title = {{JBuilder}},
  key = {JBuilder},
  url = {http://www.borland.com/jbuilder/}
}

@MISC{www-jedit,
  title = {{jEdit Programmers Text Editor}},
  key = {jedit},
  url = {http://www.jedit.org/}
}

@MISC{www-jelly,
  title = {{Jelly: Executable XML}},
  key = {jelly},
  url = {http://jakarta.apache.org/commons/sandbox/jelly/}
}

@MISC{www-jess,
  title = {{JESS the Rule Engine for the Java Platforme}},
  key = {jess},
  url = {http://herzberg.ca.sandia.gov/jess/}
}

@MISC{www-jetspeed,
  title = {{The Jetspeed Webpage}},
  key = {jetspeed},
  url = {http://jakarta.apache.org/jetspeed/}
}

@MISC{www-jms,
  title = {{Java Message Service (JMS)}},
  key = {JMS},
  url = {http://java.sun.com/products/jms/}
}

@MISC{www-jsharp,
  title = {{Visual J\# Redistributable Packages}},
  owner = {Leor},
  timestamp = {2009.09.03},
  url = {http://msdn.microsoft.com/en-us/vjsharp/bb188598.aspx}
}

@MISC{www-junit,
  title = {{JUnit, Testing Resources for Extreme Programming}},
  key = {junit},
  url = {http://www.junit.org/}
}

@MISC{www-jxta,
  title = {{Project JXTA}},
  key = {jxta},
  url = {http://www.jxta.org/}
}

@MISC{www-karajangui,
  title = {{Java CoG Kit - Karajan GUI}},
  key = {karajangui},
  url = {http://www.cogkit.org/release/4_1_2//webstart/#karajan-cog-workflow-gui}
}

@MISC{www-kde,
  title = {{KDE: The K Desktop Environment}},
  comment = {www.bib},
  key = {KDE},
  owner = {gregor},
  status = {unchecked},
  url = {http://www.kde.org}
}

@MISC{www-keynote,
  title = {{Keynote Systems- The Internet Performance Authority}},
  key = {keynote},
  url = {http://www.keynote.com}
}

@MISC{www-khoros,
  title = {{Khoros Cantata}},
  key = {khoros},
  url = {http://www.khoral.com/downloads/papers/cantata.pdf}
}

@MISC{www-kplato,
  title = {{KPlato}},
  keywords = {project, workflow},
  oldlabel = {kplato},
  owner = {Leor},
  status = {incomplete},
  timestamp = {2008.08.18}
}

@MISC{www-labview,
  title = {{LabVIEW}},
  key = {labview},
  url = {http://www.ni.com/labview}
}

@MISC{www-lam-mpi,
  title = {LAM/MPI Parallel Computing},
  owner = {Leor},
  timestamp = {2009.08.10},
  url = {http://www.lam-mpi.org/}
}

@MISC{www-legion,
  title = {{The Legion Project}},
  key = {legion},
  url = {http://legion.virginia.edu}
}

@MISC{www-liquidplaner,
  title = {{Liquid Planner}},
  keywords = {project, workflow},
  oldlabel = {liquidplaner},
  owner = {Leor},
  status = {incomplete},
  timestamp = {2008.08.16},
  url = {www.liquidplanner.com/}
}

@MISC{www-lsf,
  title = {{Load Sharing Facility}},
  key = {LSF},
  url = {http://www.platform.com/}
}

@MISC{www-manet,
  title = {{Mobile Ad-hoc Network (MANET) Charter}},
  key = {manet},
  url = {http://www.ietf.org/html.charters/manet-charter.html}
}

@MANUAL{www-manual-msdn-project2007,
  title = {{MSDN - Project 2007}},
  organization = {Microsoft},
  oldlabel = {manual-msdn-project2007},
  owner = {gregor},
  timestamp = {2008.09.14},
  url = {http://msdn.microsoft.com/en-us/library/bb258902.aspx}
}

@MISC{www-maui,
  title = {{MAUI Scheduler}},
  key = {MAUI},
  url = {http://mauischeduler.sourceforge.net}
}

@MISC{www-maven,
  title = {{Maven}},
  owner = {gregor},
  timestamp = {2008.09.24},
  url = {http://maven.apache.org/}
}

@MISC{www-mds,
  title = {{The Monitoring and Discovery Service}},
  key = {MDS-Webpage},
  url = {http://www.globus.org/mds}
}

@MISC{www-mds-doc,
  title = {{I}nformation {S}ervices ({MDS}) {D}ocumentation},
  owner = {Andrew Brown},
  status = {wrong},
  timestamp = {2008.04.11},
  url = {http://www-unix.globus.org/toolkit/docs/3.2/infosvcs/}
}

@MISC{www-mds-tech-brief,
  title = {{Globus Toolkit 2.2 MDS Technology Brief}},
  key = {MDS},
  url = {http://www.globus.org/mds/mdstechnologybrief_draft4.pdf}
}

@MISC{www-mds-user-guide,
  title = {{MDS 2.2 User's Guide}},
  key = {MDS},
  url = {http://www.globus.org/mds/mdsusersguide.pdf}
}

@MISC{www-microsoftproject,
  title = {{Microsoft Project}},
  keywords = {project, workflow},
  oldlabel = {microsoftproject},
  owner = {Leor},
  status = {incomplete},
  timestamp = {2008.08.18}
}

@MISC{www-mit-powergrid,
  title = {{Massachusetts Institute of Technology: Community Solar Power Initiative}},
  key = {mit-powergrid},
  url = {http://solarpower.mit.edu/}
}

@MISC{www-moab,
  title = {{Moab Scheduler}},
  key = {moab},
  url = {http://supercluster.org/moab}
}

@MISC{www-mpxj,
  title = {{Microsoft Project Exchange}},
  howpublished = {Web Page},
  owner = {Leor},
  timestamp = {2009.09.22},
  url = {http://mpxj.sourceforge.net/}
}

@MISC{www-mq-workflow,
  title = {{Websphere MQ Workflow}},
  key = {mq-workflow},
  url = {http://www-3.ibm.com/software/integration/wmqwf/}
}

@MISC{www-ms-project-server,
  title = {{Microsoft Project Server 2007: Getting Started with a New Platform
	for Developers.}},
  key = {Microsoft Project Server},
  url = {http://msdn.microsoft.com/enus/library/bb456485.aspx#officepj2007platform__EventsDataSets}
}

@MISC{www-MSPLim,
  title = {{Microsoft Project Performance Limitations}},
  howpublished = {Web Page},
  owner = {Leor},
  timestamp = {2008.10.11},
  url = {http://zo-d.com/blog/archives/microsoft-project/microsoft-project-performance-limitations.html}
}

@MISC{www-msprojectserver,
  title = {{Microsoft Project Server}},
  keywords = {project, workflow},
  oldlabel = {msprojectserver},
  owner = {Leor},
  status = {incomplete},
  timestamp = {2008.08.18}
}

@MISC{www-napster,
  title = {{Napster}},
  key = {napster},
  url = {http://www.napster.com/}
}

@MISC{www-naregi,
  title = {{National Research Grid Initiative}},
  key = {naregi},
  url = {http://www.naregi.org/}
}

@MISC{www-ncsa,
  title = {{National Center for Supercomputing Applications}},
  key = {NCSA},
  url = {http://www.ncsa.uiuc.edu/}
}

@MISC{www-neesgrid,
  title = {{NEES Grid}},
  key = {neesgrid},
  url = {http://www.neesgrid.org/}
}

@MISC{www-netlogger,
  title = {{The NetLogger Toolkit}},
  key = {Netlogger},
  owner = {gregor},
  status = {unchecked},
  url = {http://www-didc.lbl.gov/NetLogger/}
}

@MISC{www-nist:webbook,
  title = {{WebBook: A gateway to the data collections of the National Institute
	of Standards and Technology}},
  key = {Webbook},
  url = {http://webbook.nist.gov/}
}

@MISC{www-nmi,
  title = {{NSF Middleware Initiative}},
  key = {NMI},
  url = {http://www.nsf-middleware.org/Middleware/}
}

@MISC{www-npaci,
  title = {{National Partnership for Advanced Computational Infrastructure}},
  key = {NPACI},
  url = {http://www.npaci.edu/}
}

@MISC{www-nws,
  title = {{Network Weather Service.}},
  key = {NWS Webpage},
  oldlabel = {nws-Webpage},
  url = {http://nws.cs.ucsb.edu/}
}

@MISC{www-oasis-xacml,
  title = {{OASIS eXtensible Access Control Markup Language (XACML) TC}},
  key = {xacml},
  url = {http://www.oasis-open.org/committees/xacml}
}

@MISC{www-ogce,
  title = {{Open Grid Computing Environments}},
  key = {ogce},
  url = {http://www.ogce.org}
}

@MISC{www-ogsa,
  title = {{Open Grid Services Architecture (OGSA)}},
  key = {OGSA},
  url = {http://www.globus.org/ogsa}
}

@MISC{www-openair,
  title = {{OpenAir}},
  keywords = {project, workflow},
  oldlabel = {openair},
  owner = {Leor},
  status = {incomplete},
  timestamp = {2008.08.18}
}

@MISC{www-openworkbench,
  title = {{Open Workbench}},
  keywords = {project, workflow},
  oldlabel = {openworkbench},
  owner = {Leor},
  status = {incomplete},
  timestamp = {2008.08.18}
}

@MISC{www-opx2,
  title = {{Planisware OPX2 Project}},
  keywords = {project, workflow},
  oldlabel = {opx2},
  owner = {Leor},
  status = {incomplete},
  timestamp = {2008.08.18}
}

@MISC{www-oracleproject,
  title = {{Oracle Projects}},
  keywords = {project, workflow},
  oldlabel = {oracleproject},
  owner = {Leor},
  status = {incomplete},
  timestamp = {2008.08.18}
}

@MISC{www-p2p-wg,
  title = {{Peer-To-Peer Working Group}},
  key = {p2p-wg},
  url = {https://forge.gridforum.org/projects/p2p/}
}

@MISC{www-pbs,
  title = {{Portable Batch System}},
  key = {PBS},
  url = {http://www.openpbs.org/}
}

@MISC{www-pbspro,
  title = {{Altair PBS Professional}},
  key = {pbspro},
  url = {http://www.altair.com/software/pbspro.htm}
}

@MISC{www-pepanet,
  title = {{Persistent Wrapper}},
  owner = {Leor},
  timestamp = {2009.08.03},
  url = {http://www.secure-water.org/wiki/index.php?title=Persistent_Wrapper}
}

@MISC{www-pm-Software,
  title = {{Project Management Software}},
  keywords = {project, workflow},
  oldlabel = {pm-Software},
  owner = {Leor},
  timestamp = {2008.08.18},
  url = {www.pm-software-tools.com/}
}

@MISC{www-primavera,
  title = {{Primavera Project Planner}},
  keywords = {project, workflow},
  oldlabel = {primavera},
  owner = {Leor},
  status = {incomplete},
  timestamp = {2008.08.18}
}

@MISC{www-project.net,
  title = {{Project.net}},
  keywords = {project, workflow},
  oldlabel = {project.net},
  owner = {Leor},
  status = {incomplete},
  timestamp = {2008.08.18}
}

@MISC{www-projectengine,
  title = {{Project Engine}},
  keywords = {project, workflow},
  oldlabel = {projectengine},
  owner = {Leor},
  status = {incomplete},
  timestamp = {2008.08.16},
  url = {www.projectengine.nu/}
}

@MISC{www-projectmanagementsoftware,
  title = {{List of project management software}},
  keywords = {project, workflow},
  oldlabel = {projectmanagementsoftware},
  owner = {Leor},
  status = {incomplete},
  timestamp = {2008.08.16},
  url = {http://en.wikipedia.org/wiki/List_of_project_management_software}
}

@MISC{www-projectnet,
  title = {{Project.net | Open Source Web-Based Project Management Software}},
  note = {Open Source, Web based enterprise project management, with project
	portfolio management.},
  keywords = {project, workflow},
  oldlabel = {projectnet},
  owner = {Leor},
  status = {incomplete},
  timestamp = {2008.08.16},
  url = {www.project.net/}
}

@MISC{www-projectplace,
  title = {{Projectplace}},
  keywords = {project, workflow},
  oldlabel = {projectplace},
  owner = {Leor},
  status = {incomplete},
  timestamp = {2008.08.18}
}

@MISC{www-ptolemy,
  title = {{Ptolemy II}},
  key = {ptolemy},
  url = {http://ptolemy.eecs.berkeley.edu/ptolemyII/}
}

@MISC{www-pyglobus,
  title = {{pyGlobus Commodity Grid Kit}},
  key = {pyglobus},
  url = {http://dsd.lbl.gov/gtg/projects/pyGlobus/}
}

@MISC{www-repast,
  title = {{Recursive Porus Agent Simulation Toolkit (Repast)}},
  key = {repast},
  url = {http://repast.sourceforge.net/index.html}
}

@MISC{www-reu-las,
  title = {{REU on Grid Computing and Bioinformatics}},
  owner = {gregor},
  status = {unchecked},
  url = {http://www-unix.mcs.anl.gov/~laszewsk/reu/}
}

@MISC{www-rfc2228,
  title = {{RFC 2228: FTP Security Extensions}},
  key = {RFC2228},
  oldlabel = {rfc2228},
  url = {http://www.ietf.org/rfc/rfc2228.txt}
}

@MISC{www-sge,
  title = {{SUN gridengine}},
  key = {SGE},
  url = {http://gridengine.sunsource.net}
}

@MISC{www-sharpforge,
  title = {{SharpForge}},
  keywords = {project, workflow},
  oldlabel = {sharpforge},
  owner = {Leor},
  status = {incomplete},
  timestamp = {2008.08.18}
}

@MISC{www-soa,
  title = {{OASIS SOA Reference Model}},
  owner = {gregor},
  timestamp = {2008.09.24},
  url = {http://www.oasis-open.org/committees/tc_home.php?wg_abbrev=soa-rm}
}

@MISC{www-srb,
  title = {{Storage Resource Broker (SRB)}},
  key = {srb},
  url = {http://www.npaci.edu/DICE/SRB/}
}

@MISC{www-sshtools,
  title = {{J2SSH SSHTools}},
  key = {sshtools},
  url = {http://sourceforge.net/projects/sshtools}
}

@MISC{www-ssl-handshake,
  title = {{Working of SSL}},
  key = {SSL},
  url = {http://developer.netscape.com/tech/security/ssl/howitworks.html}
}

@MISC{www-staffware,
  title = {{Staffware}},
  key = {staffware},
  url = {http://www.staffware.com}
}

@MISC{www-subversion,
  title = {{Subversion - Version Control System}},
  key = {Subversion},
  url = {http://subversion.tigris.org/}
}

@MISC{www-sun-grid,
  title = {{Sun Grid Computing}},
  key = {sun-grid},
  url = {http://wwws.sun.com/software/grid/}
}

@MISC{www-sunonestudio,
  title = {{Sun ONE Studio}},
  key = {SUN},
  url = {http://wwws.sun.com/software/sundev/}
}

@MISC{www-sunxacml,
  title = {{Sun's XACML Implementation}},
  key = {sunxacml},
  url = {http://sunxacml.sourceforge.net/}
}

@MISC{www-supermon,
  title = {{Supermon: High Performance Cluster Monitoring}},
  note = {Advanced Computing Laboratory, MS B287, Los Alamos National Laboratory,
	Los Alamos, NM 87545},
  key = {Supermon},
  owner = {gregor},
  status = {unchecked},
  url = {http://supermon.sourceforge.net/}
}

@MISC{www-swig,
  title = {{Simplified Wrapper and Interface Generator (SWIG)}},
  key = {swig},
  url = {http://www.swig.org/}
}

@MISC{www-taskjuggler,
  title = {{TaskJuggler}},
  keywords = {project, workflow},
  oldlabel = {taskjuggler},
  owner = {Leor},
  status = {incomplete},
  timestamp = {2008.08.18}
}

@MISC{www-teamcenter,
  title = {{Teamcenter}},
  keywords = {project, workflow},
  oldlabel = {teamcenter},
  owner = {Leor},
  status = {incomplete},
  timestamp = {2008.08.18}
}

@MISC{www-teamwork,
  title = {{Teamwork}},
  keywords = {project, workflow},
  oldlabel = {teamwork},
  owner = {Leor},
  status = {incomplete},
  timestamp = {2008.08.18}
}

@MISC{www-teragridportal,
  title = {{TeraGrid Portal}},
  key = {teragridportal},
  url = {http://www.teragrid.org/userinfo/portal.php}
}

@MISC{www-tivoli,
  title = {{IBM Tivoli Workload Scheduler}},
  key = {tivoli},
  url = {http://www-306.ibm.com/software/sysmgmt/products/support/IBMTivoliWorkloadScheduler.html}
}

@MISC{www-trac,
  title = {{Trac}},
  keywords = {project, workflow},
  oldlabel = {trac},
  owner = {Leor},
  status = {incomplete},
  timestamp = {2008.08.18}
}

@MISC{www-trackersuite,
  title = {{Tracker Suite}},
  keywords = {project, workflow},
  oldlabel = {trackersuite},
  owner = {Leor},
  status = {incomplete},
  timestamp = {2008.08.18}
}

@MISC{www-triana,
  title = {{Triana Workflow}},
  key = {triana},
  url = {http://www.triana.co.uk}
}

@MISC{www-trusted-computing,
  title = {{Trusted Computing Group}},
  key = {trusted-computing},
  url = {https://www.trustedcomputinggroup.org/}
}

@MISC{www-turboproject,
  title = {{TurboProject}},
  keywords = {project, workflow},
  oldlabel = {turboproject},
  owner = {Leor},
  status = {incomplete},
  timestamp = {2008.08.18}
}

@MISC{www-uddi,
  title = {{Universal Description, Discovery and Integration of Business for
	the Web}},
  key = {uddi},
  oldlabels = {UDDI-Project},
  url = {http://www.uddi.org}
}

@MISC{www-uddi4j,
  title = {{IBM: UDDI4J Project}},
  key = {UDDI},
  url = {http://oss.software.ibm.com/developerworks/projects/uddi4j}
}

@MISC{www-uk-escience,
  title = {{UK e-Science (Grid) Core Programme}},
  key = {UK-escience},
  url = {http://www.rcuk.ac.uk/escience/}
}

@MISC{www-unicore,
  title = {{Unicore}},
  key = {unicore},
  url = {http://www.unicore.de/}
}

@MISC{www-uniteddevices,
  title = {{United Devices}},
  key = {uniteddevices},
  url = {http://www.ud.com/}
}

@MISC{www-uportal,
  title = {{uPoartal}},
  key = {uPortal},
  url = {http://www.uportal.org/}
}

@MISC{www-verisign,
  title = {{SSL Certificates from VeriSign, Inc.}},
  key = {verisign},
  url = {http://www.verisign.com/products-services/security-services/ssl/index.html}
}

@MISC{www-visual-workflo,
  title = {{Visual Workflo: FileNet}},
  key = {visual-workflo},
  url = {http://www.filenet.com}
}

@MISC{www-vpmi,
  title = {{VPMi}},
  keywords = {project, workflow},
  oldlabel = {vpmi},
  owner = {Leor},
  status = {incomplete},
  timestamp = {2008.08.18}
}

@MISC{www-vsprojectserver,
  title = {{ValleySpeak Project Server}},
  keywords = {project, workflow},
  oldlabel = {vsprojectserver},
  owner = {Leor},
  status = {incomplete},
  timestamp = {2008.08.18}
}

@MISC{www-w3c,
  title = {{World Wide Web Consortium}},
  key = {World Wide Web Consortium},
  url = {http://www.w3.org/}
}

@MISC{www-wfmc,
  title = {{Workflow Management Coalition}},
  key = {WfMC},
  url = {http://www.wfmc.org}
}

@MISC{www-wftk,
  title = {{wftk: Open-source Workflow Toolkit}},
  key = {wftk},
  url = {http://www.vivtek.com/wftk}
}

@MISC{www-wiki-cmcs-org,
  title = {{CMCS Wiki}},
  key = {Cmcs},
  url = {http://wiki.cmcs.org/}
}

@MISC{www-wsfl,
  title = {{Web Services Flow Language (WSFL)}},
  key = {WSFL},
  url = {www.ibm.com/software/solutions/webservices/pdf/WSFL.pdf}
}

@MISC{www-wsrf,
  title = {{Web Services Resource Framework (WSRF)}},
  key = {wsrf},
  url = {http://www.globus.org/wsrf}
}

@MISC{www-x-Pert,
  title = {{MicroPlanner X-Pert}},
  keywords = {project, workflow},
  oldlabel = {x-Pert},
  owner = {Leor},
  status = {incomplete},
  timestamp = {2008.08.18}
}

@MISC{www-xlang,
  title = {{XLANG: Web Services for Business Process Design}},
  key = {XLANG},
  url = {http://www.gotdotnet.com/team/xml_wsspecs/xlang-c/default.htm}
}

@MISC{www-xmldb,
  title = {{The XML:DB Initiative for XML Databases}},
  key = {XMLDB},
  url = {www.xmldb.org}
}

@MISC{www-COMNet,
  title = {{The Component Object Model}},
  howpublished = {Web Page},
  year = {2009},
  owner = {Leor},
  timestamp = {2009.02.18},
  url = {http://msdn.microsoft.com/en-us/library/ms694363(VS.85).aspx}
}

@MISC{www-json,
  title = {{Introducing JSON}},
  howpublished = {Web Page},
  year = {2009},
  owner = {Leor},
  url = {http://www.json.org/}
}

@MISC{www-ms-ad,
  title = {{Active Directory Domain Services}},
  howpublished = {Web Page},
  year = {2009},
  owner = {Leor},
  timestamp = {2009.04.10},
  url = {http://msdn.microsoft.com/en-us/library/aa362244(VS.85).aspx}
}

@MISC{www-tg-about-2009,
  title = {{TeraGrid [About]}},
  howpublished = {Web Page},
  year = {2009},
  owner = {Leor},
  timestamp = {2009.05.26},
  url = {http://www.teragrid.org/about/}
}

@MISC{www-windows-ab,
  title = {{Windows Contacts}},
  howpublished = {Web Page},
  year = {2009},
  owner = {Leor},
  timestamp = {2009.04.10},
  url = {http://msdn.microsoft.com/en-us/library/ms735779(VS.85).aspx}
}

@MISC{mshpc2008e,
  title = {{C}isco {HPC} {N}etwork {S}olutions for {M}icrosoft {W}indows {C}ompute
	{C}luster {S}erver 2003},
  year = {2008},
  owner = {Leor},
  status = {wrong},
  timestamp = {2008.04.08},
  url = {http://www.cisco.com/en/US/solutions/collateral/ns340/ns517/ns224/ns500/net_implementation_white_paper0900aecd804cbe16.html}
}

@MISC{projectsdk2008a,
  title = {{W}elcome to the {M}icrosoft {O}ffice {P}roject 2007 {SDK}},
  howpublished = {Web Page},
  year = {2008},
  owner = {Leor},
  status = {wrong},
  timestamp = {2008.04.03},
  url = {http://msdn2.microsoft.com/en-us/library/ms512767.aspx}
}

@MISC{projectserver2008,
  title = {{P}roject {S}erver 2007: {G}etting {S}tarted with a {N}ew {P}latform
	for {D}evelopers},
  howpublished = {Web Page},
  year = {2008},
  owner = {Leor},
  status = {wrong},
  timestamp = {2008.04.03},
  url = {http://msdn2.microsoft.com/en-us/library/bb456485.aspx}
}

@MISC{www-active-directory,
  title = {{What is Active Directory?}},
  howpublished = {Web Page},
  year = {2008},
  owner = {Leor},
  timestamp = {2009.04.10},
  url = {http://www.tech-faq.com/active-directory.shtml}
}

@MISC{www-googlegantt,
  title = {{Google Spreadsheets Tips: Gantt Chart (Microsoft Project-like) using
	Widget}},
  howpublished = {Web Page},
  year = {2008},
  owner = {Leor},
  timestamp = {2009.04.01},
  url = {http://woork.blogspot.com/2008/06/google-spreadsheets-tips-gantt-chart.html}
}

@MISC{www-msproject2008-wikipedia,
  title = {{Microsoft Project}},
  year = {2008},
  owner = {Leor},
  status = {wrong},
  timestamp = {2008.04.03},
  url = {http://en.wikipedia.org/wiki/Microsoft_Project}
}

@MISC{www-openproj,
  title = {{OpenProj}},
  howpublished = {Web Page},
  year = {2008},
  keywords = {project, workflow},
  oldlabel = {openproj},
  owner = {Leor},
  status = {incomplete},
  timestamp = {2008.08.18},
  url = {http://openproj.org/openproj}
}

@MISC{www-projectsdk2008a,
  title = {{Welcome to the Microsoft Office Project 2007 SDK}},
  howpublished = {Web Page},
  year = {2008},
  oldlabel = {projectsdk2008a},
  owner = {Leor},
  status = {wrong},
  timestamp = {2008.04.03},
  url = {http://msdn2.microsoft.com/en-us/library/ms512767.aspx}
}

@MISC{www-projectserver2008,
  title = {{Project Server 2007: Getting Started with a New Platform for Developers}},
  howpublished = {Web Page},
  year = {2008},
  oldlabel = {projectserver2008},
  owner = {Leor},
  status = {wrong},
  timestamp = {2008.04.03},
  url = {http://msdn2.microsoft.com/en-us/library/bb456485.aspx}
}

@MISC{www-globus-doc-4.0,
  title = {{Globus Release Documentation}},
  year = {2006},
  key = {Globus},
  url = {http://www.globus.org/toolkit/docs/4.0/}
}

@MISC{www-cog-register,
  title = {{Java CoG Kit Registration}},
  year = {2004},
  key = {CoG register},
  url = {http://www.cogkit.org/register}
}

@MISC{www-cog-wiki,
  title = {{Java CoG Kit Wiki}},
  year = {2004},
  key = {CoG Wiki},
  url = {http://www.cogkit.org/wiki}
}

@MISC{www-ws-glossary,
  title = {{Web Services Gloassary}},
  month = {May},
  year = {2003},
  note = {W3C Working Draft},
  key = {ws-glossary},
  url = {http://www.w3c.org/TR/ws-gloss/}
}

@MISC{www-daml-s,
  title = {{Comparison of DAML-S and BPEL4WS (initial draft)}},
  month = sep,
  year = {2002},
  key = {DAML},
  url = {http://www.ksl.stanford.edu/projects/DAML/Webservices/DAMLS-BPEL.html}
}

@MISC{www-setiathome,
  title = {{SETI@Home}},
  month = feb,
  year = {2002},
  key = {seti},
  url = {http://setiathome.ssl.berekeley.edu/}
}

@MISC{www-apgrid,
  title = {{ApGrid: Partnership for Grid Computing in the Asia Pacific Region}},
  year = {2001},
  key = {apgrid},
  url = {http://www.apgrid.org/}
}

@MISC{www-hotpage,
  title = {{NPACI HotPage}},
  year = {2001},
  key = {hotpage},
  url = {https://hotpage.npaci.edu/}
}

@MISC{www-ipg,
  title = {{Information Power Grid Engeneering and Research Site}},
  year = {2001},
  key = {ipg},
  url = {http://www.ipg.nasa.gov/}
}

@MISC{www-netsolve,
  title = {{Netsolve Web Page}},
  year = {2001},
  key = {Netsolve},
  url = {http://www.cs.utk.edu/netsolve}
}

@MISC{www-ppdg,
  title = {{Particle Physics Data Grid}},
  year = {2001},
  key = {ppdg},
  url = {http://www.ppdg.net/}
}

@MISC{www-scidac,
  title = {{Scientific Discovery through Advanced Computing (SciDAC)}},
  year = {2001},
  key = {scidac},
  url = {http://scidac.org/}
}

@MISC{www-teragrid,
  title = {{TeraGrid}},
  year = {2001},
  key = {teragrid},
  url = {http://www.teragrid.org/}
}

@MISC{www-datagrid,
  title = {{The DataGrid Project}},
  year = {2000},
  key = {datagrid},
  url = {http://www.eu-datagrid.org/}
}

@MISC{www-lotus123,
  title = {{Lotus 1-2-3}},
  year = {1983},
  note = {First release},
  key = {lotus123},
  url = {http://www.lotus.com}
}

