@MISC{www-ccr,
  title = {{the Center of Computational Research}},
  url = {http://www.ccr.buffalo.edu/display/WEB/Home}
}

@MISC{www-ccr-facility,
  title = {{Facility Description of the Center of Computational Research}},
  url = {http://www.ccr.buffalo.edu/download/attachments/65635/CCRFacilityDescriptionPIs.doc}
}

@MISC{www-u2,
  title = {{CCR U2 Cluster}},
  url = {http://www.ccr.buffalo.edu/display/WEB/U2}
}

@INPROCEEDINGS{DBLP:conf/ipps/CirneB01,
  author = {Walfredo Cirne and Francine Berman},
  title = {A Model for Moldable Supercomputer Jobs},
  booktitle = {IPDPS},
  year = {2001},
  pages = {59},
  bibsource = {DBLP, http://dblp.uni-trier.de}
}

@MISC{www-epa,
  title = {{Report to Congress on Server and Data Center Energy Efficiency }},
  url = {http://www.energystar.gov/ia/partners/prod_development/downloads/EPA_Datacenter_Report_Congress_Final1.pdf}
}

@inproceedings{DBLP:conf/cluster/HsuF05,
  author    = {Chung-Hsing Hsu and
               Wu-chun Feng},
  title     = {A Feasibility Analysis of Power Awareness in Commodity-Based
               High-Performance Clusters},
  booktitle = {CLUSTER},
  year      = {2005},
  pages     = {1-10},
  ee        = {http://dx.doi.org/10.1109/CLUSTR.2005.347063},
  bibsource = {DBLP, http://dblp.uni-trier.de}
}

@article{hsu2005fap,
  title={{A feasibility analysis of power awareness in commodity-based high-performance clusters}},
  author={Hsu, C. and Feng, W.},
  journal={Cluster 2005},
  year={2005}
}

@inproceedings{DBLP:conf/sc/HsuF05,
  author    = {Chung-Hsing Hsu and
               Wu-chun Feng},
  title     = {A Power-Aware Run-Time System for High-Performance Computing},
  booktitle = {SC},
  year      = {2005},
  pages     = {1},
  ee        = {http://doi.acm.org/10.1145/1105760.1105766},
  bibsource = {DBLP, http://dblp.uni-trier.de}
}


@inproceedings{DBLP:conf/sosp/BarhamDFHHHN03,
  author    = {Paul Barham and
               Boris Dragovic and
               Keir Fraser and
               Steven Hand and
               Timothy L. Harris and
               Alex Ho and
               Rolf Neugebauer and
               Ian Pratt and
               Andrew Warfield},
  title     = {Xen and the art of virtualization},
  booktitle = {SOSP},
  year      = {2003},
  pages     = {164-177},
  ee        = {http://doi.acm.org/10.1145/945445.945462},
  bibsource = {DBLP, http://dblp.uni-trier.de}
}

@inproceedings{DBLP:conf/cluster/TangGV07,
  author    = {Qinghui Tang and
               Sandeep K. S. Gupta and
               Georgios Varsamopoulos},
  title     = {Thermal-aware task scheduling for data centers through minimizing heat recirculation},
  booktitle = {CLUSTER},
  year      = {2007},
  pages     = {129-138},
  ee        = {http://dx.doi.org/10.1109/CLUSTR.2007.4629225},
  bibsource = {DBLP, http://dblp.uni-trier.de}
}

@inproceedings{DBLP:conf/sc/GeFC05,
  author    = {Rong Ge and
               Xizhou Feng and
               Kirk W. Cameron},
  title     = {Performance-constrained Distributed DVS Scheduling for Scientific
               Applications on Power-aware Clusters},
  booktitle = {SC},
  year      = {2005},
  pages     = {34},
  ee        = {http://doi.acm.org/10.1145/1105760.1105799},
  bibsource = {DBLP, http://dblp.uni-trier.de}
}
@inproceedings{DBLP:conf/aPcsac/VandersterBD07,
  author    = {Daniel C. Vanderster and
               Amirali Baniasadi and
               Nikitas J. Dimopoulos},
  title     = {Exploiting Task Temperature Profiling in Temperature-Aware
               Task Scheduling for Computational Clusters},
  booktitle = {Asia-Pacific Computer Systems Architecture Conference},
  year      = {2007},
  pages     = {175-185},
  ee        = {http://dx.doi.org/10.1007/978-3-540-74309-5_18},
  bibsource = {DBLP, http://dblp.uni-trier.de}
}

@inproceedings{DBLP:conf/dac/MukherjeeMM05,
  author    = {Rajarshi Mukherjee and
               Seda Ogrenci Memik and
               Gokhan Memik},
  title     = {Temperature-aware resource allocation and binding in high-level
               synthesis},
  booktitle = {DAC},
  year      = {2005},
  pages     = {196-201},
  ee        = {http://doi.acm.org/10.1145/1065579.1065633},
  bibsource = {DBLP, http://dblp.uni-trier.de}
}

@inproceedings{DBLP:conf/iccad/JayaseelanM08,
  author    = {Ramkumar Jayaseelan and
               Tulika Mitra},
  title     = {Temperature aware task sequencing and voltage scaling},
  booktitle = {ICCAD},
  year      = {2008},
  pages     = {618-623},
  ee        = {http://doi.acm.org/10.1145/1509456.1509593},
  bibsource = {DBLP, http://dblp.uni-trier.de}
}

@inproceedings{DBLP:conf/date/CoskunRW07,
  author    = {Ayse Kivilcim Coskun and
               Tajana Simunic Rosing and
               Keith Whisnant},
  title     = {Temperature aware task scheduling in MPSoCs},
  booktitle = {DATE},
  year      = {2007},
  pages     = {1659-1664},
  ee        = {http://doi.acm.org/10.1145/1266366.1266730},
  bibsource = {DBLP, http://dblp.uni-trier.de}
}
@inproceedings{DBLP:conf/vlsid/JayaseelanM09,
  author    = {Ramkumar Jayaseelan and
               Tulika Mitra},
  title     = {Temperature Aware Scheduling for Embedded Processors},
  booktitle = {VLSI Design},
  year      = {2009},
  pages     = {541-546},
  ee        = {http://dx.doi.org/10.1109/VLSI.Design.2009.42},
  bibsource = {DBLP, http://dblp.uni-trier.de}
}
@conference{arani2007ota,
  title={{Online thermal-aware scheduling for multiple clock domain CMPs}},
  author={Arani, A.S.},
  booktitle={2007 IEEE International SOC Conference},
  pages={137--140},
  year={2007}
}
@inproceedings{DBLP:conf/usenix/MooreCRS05,
  author    = {Justin D. Moore and
               Jeffrey S. Chase and
               Parthasarathy Ranganathan and
               Ratnesh K. Sharma},
  title     = {Making Scheduling "Cool": Temperature-Aware Workload Placement
               in Data Centers},
  booktitle = {USENIX Annual Technical Conference, General Track},
  year      = {2005},
  pages     = {61-75},
  ee        = {http://www.usenix.org/events/usenix05/tech/general/moore.html},
  bibsource = {DBLP, http://dblp.uni-trier.de}
}
@inproceedings{patel2002tcc,
  title={{Thermal considerations in cooling large scale high compute density data centers}},
  author={Patel, CD and Sharma, R. and Bash, CE and Beitelmal, A.},
  booktitle={Thermal and Thermomechanical Phenomena in Electronic Systems, 2002. ITHERM 2002. The Eighth Intersociety Conference on},
  pages={767--776},
  year={2002}
}
@article{beitelmal2007tfp,
  title={{Thermo-fluids provisioning of a high performance high density data center}},
  author={Beitelmal, A.H. and Patel, C.D.},
  journal={Distributed and Parallel Databases},
  volume={21},
  number={2},
  pages={227--238},
  year={2007},
  publisher={Springer}
}
@inproceedings{moore2005dcw,
  title={{Data center workload monitoring, analysis, and emulation}},
  author={Moore, J. and Chase, J. and Farkas, K. and Ranganathan, P.},
  booktitle={Eighth Workshop on Computer Architecture Evaluation using Commercial Workloads},
  year={2005}
}
@inproceedings{moore2006wao,
  title={{Weatherman: Automated, Online and Predictive Thermal Mapping and Management for Data Centers}},
  author={Moore, J. and Chase, JS and Ranganathan, P.},
  booktitle={IEEE International Conference on Autonomic Computing, 2006. ICAC'06},
  pages={155--164},
  year={2006}
}
@article{DBLP:journals/queue/Feng03,
  author    = {Wu-chun Feng},
  title     = {Making a Case for Efficient Supercomputing},
  journal   = {ACM Queue},
  volume    = {1},
  number    = {7},
  year      = {2003},
  pages     = {54-64},
  ee        = {http://doi.acm.org/10.1145/957717.957772},
  bibsource = {DBLP, http://dblp.uni-trier.de}
}
@inproceedings{DBLP:conf/ispass/YangZCZJ08,
  author    = {Jun Yang and
               Xiuyi Zhou and
               Marek Chrobak and
               Youtao Zhang and
               Lingling Jin},
  title     = {Dynamic Thermal Management through Task Scheduling},
  booktitle = {ISPASS},
  year      = {2008},
  pages     = {191-201},
  ee        = {http://dx.doi.org/10.1109/ISPASS.2008.4510751},
  bibsource = {DBLP, http://dblp.uni-trier.de}
}
@inproceedings{DBLP:conf/ccgrid/KimBK07,
  author    = {Kyong Hoon Kim and
               Rajkumar Buyya and
               Jong Kim},
  title     = {Power Aware Scheduling of Bag-of-Tasks Applications with
               Deadline Constraints on DVS-enabled Clusters},
  booktitle = {CCGRID},
  year      = {2007},
  pages     = {541-548},
  ee        = {http://dx.doi.org/10.1109/CCGRID.2007.85},
  bibsource = {DBLP, http://dblp.uni-trier.de}
}

@inproceedings{DBLP:conf/nca/SilvaASTA07,
  author    = {Lu\'{\i}s Moura Silva and
               Javier Alonso and
               Paulo Silva and
               Jordi Torres and
               Artur Andrzejak},
  title     = {Using Virtualization to Improve Software Rejuvenation},
  booktitle = {NCA},
  year      = {2007},
  pages     = {33-44},
  ee        = {http://doi.ieeecomputersociety.org/10.1109/NCA.2007.53},
  bibsource = {DBLP, http://dblp.uni-trier.de}
}
@inproceedings{DBLP:conf/fast/AndersonDR03,
  author    = {Dave Anderson and
               Jim Dykes and
               Erik Riedel},
  title     = {More Than an Interface - SCSI vs. ATA},
  booktitle = {FAST},
  year      = {2003},
  ee        = {http://www.usenix.org/events/fast03/tech/anderson.html},
  bibsource = {DBLP, http://dblp.uni-trier.de}
}
@article{cole2000edr,
  title={{Estimating drive reliability in desktop computers and consumer electronics systems}},
  author={Cole, G.},
  journal={Seagate Technology Paper TP},
  volume={338},
  year={2000}
}
@MISC{www-sd,
  title = {{Standard Deviation}},
  url = {http://en.wikipedia.org/wiki/Standard_deviation}
}
@inproceedings{hamann2008mat,
  title={{Methods and techniques for measuring and improving data center best practices}},
  author={Hamann, H.F. and Schappert, M. and Iyengar, M. and van Kessel, T. and Claassen, A.},
  booktitle={Thermal and Thermomechanical Phenomena in Electronic Systems, 2008. ITHERM 2008. 11th Intersociety Conference on},
  pages={1146--1152},
  year={2008}
}

@inproceedings{DBLP:conf/mg/HeilgeistSR08,
  author    = {Janko Heilgeist and
               Thomas Soddemann and
               Harald Richter},
  title     = {Distributed meta-scheduling for grids},
  booktitle = {Mardi Gras Conference},
  year      = {2008},
  pages     = {25},
  ee        = {http://doi.acm.org/10.1145/1341811.1341839},
  bibsource = {DBLP, http://dblp.uni-trier.de}
}

@article{DBLP:journals/tpds/MualemF01,
  author    = {Ahuva Mu'alem Weil and
               Dror G. Feitelson},
  title     = {Utilization, Predictability, Workloads, and User Runtime
               Estimates in Scheduling the IBM SP2 with Backfilling},
  journal   = {IEEE Trans. Parallel Distrib. Syst.},
  volume    = {12},
  number    = {6},
  year      = {2001},
  pages     = {529-543},
  ee        = {http://www.computer.org/tpds/td2001/l0529abs.htm},
  bibsource = {DBLP, http://dblp.uni-trier.de}
}
