@book{garey1979computers,
  title={{Computers and intractability}},
  author={Garey, M.R. and Johnson, D.S.},
  year={1979},
  publisher={Freeman San Francisco}
}
